1866 3241
0 1418 2 1427 -
0 1403 2 1406 v
0 1088 8 1393 *1-;.—⁴——————

213 272 354 302 sunno
391 271 489 312 crx,
528 271 584 301 nr:
619 271 777 301 vmuzrs
818 272 968 304 Aposr.
1020 275 1030 303 ι
1076 276 1176 306 con.
1220 278 1249 307 1.
1326 257 1418 324 369

43 338 104 384 illi
124 337 422 384 celsitudinem
434 336 732 401 requirebant,
750 354 950 398 magnam
970 355 981 383 :
1002 338 1073 385 sed
1086 341 1294 404 quoniam
1305 353 1423 406 post-

43 407 268 471 ponebant
298 425 410 471 qua,
447 418 577 453 vocat
601 424 671 453 eos
701 406 903 453 Christus
934 408 991 453 ab
1022 426 1072 455 eo
1102 427 1190 472 quo
1215 411 1276 458 ire
1301 412 1423 459 vole—

46 478 180 535 bant,
218 478 272 524 ad
298 477 407 524 illud
434 494 519 541 qua
551 477 612 523 ire
641 477 876 524 debebant.
915 477 1229 534 Quaerentibus
1252 482 1424 546 quippe

51 559 215 594 tantam
246 547 543 594 celsitudinem
580 547 689 612 quid
720 548 975 612 respondit?
1012 550 1238 596 «Potestis
1276 552 1427 598 bibere

50 640 70 660 υ
91 617 267 664 calicem
281 655 292 674 ,
320 635 449 682 quem
479 635 556 678 ego
579 618 802 664 bibiturus
825 618 982 665 sumt?
1001 641 1022 661 >³
1055 620 1197 677 Quem
1219 621 1398 668 calicem
1414 661 1425 679 ‚

50 689 129 734 nisi
150 688 411 734 humilitatis
426 725 438 745 ,
474 689 555 734 nisi
581 688 825 752 passionis?
855 706 984 753 quem
1007 689 1231 737 bibiturus
1258 702 1300 737 et
1322 692 1367 738 in
1390 709 1432 738 se

55 758 360 804 transformans
385 758 683 804 infirmitatem
706 769 898 804 nostram
919 760 978 805 ait
1003 761 1124 807 Patri
1149 779 1160 806 z
1187 764 1371 818 «Pater,
1398 763 1433 808 si

56 850 76 870 2>
95 828 184 874 fieri
209 839 382 892 potest,
411 838 600 874 transeat
625 846 648 874 a
666 845 734 873 me
754 828 863 874 calix
886 829 1008 876 iste2.
1030 850 1051 871 »
1073 831 1181 877 Istos
1193 832 1309 896 ipsos
1325 832 1372 879 in
1395 849 1437 878 se

60 897 387 955 transformans,
410 899 487 962 qui
501 898 630 944 talem
642 898 821 945 calicem
837 898 990 945 bibere
1004 902 1282 960 recusabant,
1306 914 1348 949 et
1365 902 1441 949 ali-

60 969 254 1014 tudinem
272 969 528 1033 quaerebant
540 1007 550 1023 ,
569 968 830 1015 humilitatis
846 970 961 1016 viam
979 971 1254 1033 negligebant
1278 991 1289 1019 ε
1312 995 1332 1015 «
1348 974 1440 1019 Po-

60 1062 81 1081 »
99 1040 213 1085 testis
227 1040 395 1095 bibere,
412 1039 572 1103 inquit,
593 1039 791 1096 calicem,
807 1057 935 1103 quem
953 1058 1031 1101 ego
1041 1042 1263 1089 bibiturus
1275 1061 1369 1090 sum
1384 1047 1404 1090 P
1421 1065 1441 1086 »

61 1109 289 1155 Christum
306 1109 508 1172 quaeretis
530 1109 742 1155 excelsum
762 1130 773 1164 ;
790 1111 924 1156 redite
942 1111 1277 1161 adcrucifixum.
1303 1114 1444 1160 Vultis

60 1197 237 1239 regnare
262 1190 304 1224 et
339 1179 512 1239 gloriari
543 1179 589 1225 iu
615 1179 790 1225 sedibus
815 1180 1009 1235 Christi3
1037 1183 1159 1245 prius
1193 1183 1347 1231 discite
1371 1184 1442 1231 di-

62 1266 155 1294 cere
181 1267 191 1293 :
219 1270 240 1291 «
258 1249 373 1294 Mihi
397 1249 510 1295 absit
537 1249 730 1309 gloriari,
758 1249 840 1295 nisi
865 1250 911 1296 in
938 1268 1068 1297 cruce
1098 1253 1275 1300 Domini
1310 1256 1446 1301 nostri

64 1342 84 1361 ›>
103 1320 121 1363 ,ἱ
131 1337 204 1365 esu
222 1318 424 1366 Christi3.
445 1341 466 1361 2>
479 1319 588 1365 Haec
608 1330 670 1365 est
690 1319 889 1367 doctrina
907 1321 1163 1381 christiana,
1186 1324 1448 1371 humilitatis

63 1400 354 1454 praeceptum,
379 1389 641 1435 humilitatis
658 1390 996 1448 commendatio,
1020 1403 1071 1438 ut
1089 1411 1178 1440 non
1195 1395 1446 1455 gloriemur,

61 1461 145 1506 nisi
177 1461 223 1506 in
259 1477 388 1507 cruce
419 1460 595 1505 Domini
628 1461 762 1505 nostri
786 1460 888 1506 Jesu
914 1462 1094 1510 Christi.
1138 1465 1250 1511 Nam
1275 1483 1363 1512 non
1388 1477 1448 1512 est

69 1549 270 1592 maguum
304 1532 349 1577 in
380 1530 548 1576 Christi
587 1531 798 1594 sapientia
829 1531 1004 1591 gloriari
1032 1551 1042 1578 :
1069 1552 1278 1596 magnum
1314 1548 1375 1583 est
1407 1538 1450 1583 in

67 1620 196 1649 cruce
236 1602 403 1647 Christi
435 1600 639 1662 gloriari3
667 1601 781 1647 unde
806 1603 887 1648 tibi
920 1603 1102 1650 insultat
1123 1606 1313 1669 impius,
1348 1608 1449 1654 inde

14 1723 18 1739 1
69 1674 275 1733 glorietur
306 1673 427 1736 pius;
466 1671 582 1717 unde
609 1671 789 1717 insultat
825 1674 1066 1737 superbus,
1101 1675 1204 1722 inde
1238 1676 1450 1738 glorietur

71 1744 359 1791 Christianus.
395 1742 494 1789 Noli
521 1743 772 1788 erubescere
797 1742 850 1789 de
882 1761 1011 1791 cruce
1047 1745 1246 1793 Christi:
1278 1748 1374 1795 ideo
1405 1750 1451 1795 in

17 1816 20 1840 ‘
69 1815 210 1861 fronte
234 1826 443 1878 tanquam
467 1813 512 1858 in
538 1812 636 1858 sede
660 1812 842 1876 pudoris
865 1814 1035 1874 signum
1057 1815 1202 1880 ipsum
1227 1820 1446 1883 accepisti.

71 1885 230 1931 Recole
248 1885 436 1930 frontem
462 1893 583 1928 tuam
599 1919 611 1938 ,
635 1899 689 1928 ne
716 1882 910 1943 linguam
933 1902 1187 1949 expavescas
1216 1888 1413 1937 alienam.

136 1956 212 2001 Vl.
256 1955 439 2015 Signum
464 1952 628 1998 Veteris
656 1954 920 1999 Testamenti
944 1955 1219 2004 circumcisio
1239 1959 1284 2005 in
1302 1959 1454 2006 latenti

75 2043 202 2072 carne
220 2044 230 2071 :
249 2026 421 2085 signum
446 2022 559 2068 Novi
579 2023 844 2068 Testamenti
865 2041 968 2069 crux
987 2025 1033 2070 in
1051 2025 1187 2072 libera
1202 2028 1358 2077 fronte.
1384 2031 1455 2076 Ibi

74 2098 188 2142 enim
210 2094 446 2142 occultatio
464 2103 542 2149 est,
566 2092 641 2138 hic
662 2094 864 2140 revelatio
882 2111 892 2139 ε
910 2094 1019 2140 illud
1036 2106 1098 2141 est
1117 2097 1198 2143 sub
1222 2099 1451 2159 velamine,

77 2167 163 2212 hoc
193 2167 239 2211 in
266 2165 390 2211 faeie,
419 2185 439 2205 «
470 2162 680 2219 Quandiu
711 2165 825 2210 enim
856 2164 1012 2224 legitur
1037 2167 1229 2231 Moyses,
1262 2170 1459 2218 velamen

79 2260 100 2280 »
122 2254 249 2300 super
268 2252 343 2281 cor
361 2251 509 2280 eorum
526 2234 718 2296 positum
737 2246 798 2280 est
811 2234 844 2282 Α.
871 2257 890 2277 >>
909 2236 1079 2292 Quare?
1099 2239 1214 2294 Quia
1232 2257 1320 2287 non
1341 2253 1458 2289 tran-

81 2309 244 2353 sierunt
263 2305 318 2351 ad
338 2304 581 2350 Christum.
607 2324 627 2344 «
650 2304 763 2349 Cum
775 2304 889 2349 enim
908 2306 1124 2352 transieris
1136 2308 1190 2354 ad
1212 2310 1456 2371 Christum,

82 2400 103 2422 >2
127 2377 341 2424 auferetur
362 2374 559 2421 velamen
578 2373 595 2402 5
620 2391 631 2419 z
666 2396 686 2416 »
715 2385 763 2420 ut
789 2375 864 2439 qui
890 2375 1086 2423 habebas
1104 2378 1149 2424 in
1173 2381 1345 2428 occulto
1368 2384 1459 2430 cir-

83 2448 415 2504 cumcisionem,
445 2446 491 2492 in
512 2445 653 2492 fronte
678 2456 824 2509 portes
847 2463 1034 2495 crucem.
1068 2470 1089 2490 «
1118 2450 1206 2497 Nos
1229 2464 1371 2500 autem
1394 2473 1459 2502 re-

131 2550 142 2572 ¹
171 2547 289 2582 Matth.
315 2557 369 2586 xx,
387 2557 444 2579 22.
461 2562 506 2571 ·—
519 2544 535 2568 2
554 2545 604 2581 Id.
626 2556 719 2589 xxw,
741 2547 796 2587 39.
813 2562 860 2570 —
874 2543 888 2570 3
907 2547 1010 2581 Galat.
1031 2560 1078 2592 vx,
1109 2557 1160 2588 14.
1177 2568 1224 2576 ——
1240 2550 1255 2575 4
1274 2565 1291 2585 2
1313 2555 1388 2588 Cor.
1406 2567 1462 2594 ιιι,

39 2632 41 2644 Ι
88 2603 141 2634 1⁵.
160 2619 203 2625 --
219 2599 336 2632 ⁵1bid.
355 2599 409 2630 16.

248 2666 398 2698 CXXVI.
1282 2663 1299 2690 l

1245 2675 1304 2716 ‘24
