1866 3241
159 356 301 388 senno
337 355 451 398 CLVI,
489 355 546 387 DE
581 355 740 387 vnaius
776 354 928 389 Arosr.
969 355 1077 390 non.
1117 359 1219 390 vm.
1292 343 1385 409 337

14 424 194 469 Prorsus
211 421 245 467 si
265 420 466 478 defuerit,
491 420 604 466 nihil
625 420 733 466 honi
750 437 871 481 agere
884 421 1058 486 poteris,
1086 423 1188 483 Agis
1210 423 1391 487 quidem

13 492 87 540 illo
120 509 208 538 non
235 491 468 552 adJuvaute
502 490 641 538 libera
672 489 896 538 voluntate
913 528 925 548 ‚
953 491 1027 538 sed
1048 492 1174 540 male.
1214 493 1284 540 Ad
1303 493 1391 539 hoc

14 562 168 609 idonea
203 573 266 608 est
296 560 497 608 voluntas
531 572 632 619 tua,
661 578 762 624 quae
798 572 980 609 vocatur
1016 561 1180 620 libera,
1215 574 1259 609 et
1280 562 1392 609 male

16 632 180 694 agendo
204 633 255 678 fit
279 631 540 678 damnabilis
572 631 742 679 ancilla.
774 631 890 678 Cum
913 632 1012 678 dico
1035 632 1118 679 tibi
1139 650 1150 678 :
1176 632 1278 679 Sine
1310 632 1393 680 ad-

11 704 173 765 jutorio
203 703 285 749 Dei
318 702 431 748 nihil
464 703 552 763 agis
570 740 582 760 ,
623 701 737 748 nihil
767 702 875 748 boni
901 703 1016 750 dico.
1057 704 1170 750 Nam
1197 702 1254 750 ad
1283 703 1397 749 male

17 774 233 834 agendum
262 773 399 820 habes
425 773 515 818 sine
545 772 761 833 adjutorio
782 774 864 819 Dei
885 773 1069 820 liberam
1091 773 1361 821 voluntatem
1381 790 1395 819 ι

18 861 270 908 quanquam
290 861 378 890 non
400 854 463 889 est
483 843 557 890 illa
579 843 731 891 libera.
762 863 784 886 «
808 845 845 890 A
871 861 960 907 quo
986 845 1102 891 enim
1123 845 1220 909 quis
1245 843 1397 891 devic-

19 935 41 957 »
62 926 130 961 tus
147 925 224 971 est,
244 914 351 959 huic
368 925 410 960 et
431 931 578 961 servus
592 914 791 960 addictus
809 924 872 960 est
888 913 908 943 4
936 932 948 959 ε
972 936 994 957 »
1018 925 1077 972 θῖ,
1107 936 1129 957 «
1147 915 1302 961 Omnis
1323 914 1402 978 qui

21 1007 43 1029 ›>
63 984 170 1031 facit
191 994 424 1048 peccatum
438 1021 451 1042 ,
476 1001 622 1031 servus
653 995 718 1030 est
745 985 918 1048 peccati
941 1003 952 1030 :
980 1006 1002 1027 ›>
1020 996 1087 1043 et,
1117 1007 1139 1030 ε(
1157 984 1206 1033 Si
1225 1002 1302 1034 vos
1324 984 1402 1031 Fi-

23 1077 44 1099 »
64 1055 147 1101 lius
168 1054 434 1112 liberaverit,
462 1065 569 1100 tunc
591 1071 690 1101 vere
712 1054 841 1100 liberi
862 1055 978 1101 eritis
993 1056 1028 1103 2.
1055 1077 1076 1098 >)

86 1127 214 1172 XIII.
247 1126 430 1171 Prorsus
454 1125 542 1172 hoc
562 1125 743 1183 credite,
768 1126 828 1171 sic
854 1142 931 1173 vos
962 1143 1084 1187 agere
1103 1127 1220 1174 bona
1241 1127 1403 1174 volun-

22 1208 124 1244 tate.
161 1196 277 1253 Quia
307 1195 454 1242 vivitis
473 1233 485 1253 ,
512 1196 664 1259 utique
691 1195 828 1255 agitis.
864 1196 964 1242 Non
992 1197 1109 1243 enim
1144 1198 1319 1259 adJutor
1345 1207 1409 1243 est

23 1267 113 1324 ille,
134 1267 168 1312 si
187 1265 302 1312 nihil
319 1266 453 1325 agatis
480 1283 491 1310 :
514 1283 603 1312 non
626 1265 743 1311 enim
766 1276 1022 1329 cooperator
1039 1277 1102 1312 est
1120 1266 1213 1324 ille,
1241 1267 1277 1314 si
1295 1266 1410 1314 nihil

26 1335 280 1401 operamini.
310 1335 382 1380 Sic
402 1352 478 1382 vos
499 1346 646 1381 tamen
671 1335 822 1381 scitote
843 1352 964 1396 agere
985 1336 1103 1383 hona
1119 1374 1132 1394 ,
1159 1347 1209 1383 ut
1231 1338 1286 1383 sit
1308 1354 1410 1384 rec-

27 1418 96 1453 tor
120 1406 309 1469 Spiritus
332 1405 507 1466 adjutor
532 1423 542 1450 :
567 1405 695 1468 quisi
714 1405 899 1452 defuerit
914 1444 926 1462 ,
952 1407 1068 1452 nihil
1094 1407 1202 1453 boni
1232 1409 1410 1454 omnino

30 1493 151 1537 agere
181 1475 369 1523 valeatis.
398 1476 498 1521 Non
532 1475 643 1520 sicut
668 1475 850 1538 quidam
880 1476 1022 1522 dicere
1050 1488 1308 1541 coeperunt,
1335 1478 1413 1542 qui

29 1546 238 1593 coarctati
263 1556 365 1591 sunt
398 1544 634 1608 aliquando
653 1545 837 1605 gratiam
853 1546 1051 1592 confiteri
1077 1563 1088 1591 ε
1115 1558 1158 1593 θῖ
1182 1547 1414 1594 benedici-

29 1634 124 1663 mus
142 1617 300 1674 Deum‚
330 1616 435 1680 quia
450 1615 519 1663 vel
542 1615 629 1661 hoc
655 1614 890 1679 aliquando
915 1616 1141 1672 dixerunt3
1164 1618 1413 1665 accedendo

30 1688 144 1733 enim
164 1688 376 1751 proficere
403 1696 612 1750 poterunt
627 1723 638 1743 ,
660 1697 703 1732 θῖ
726 1686 782 1732 ad
810 1686 857 1732 id
879 1686 1000 1750 quod
1023 1704 1121 1734 vere
1150 1699 1319 1734 rectum
1350 1698 1414 1734 est

31 1758 268 1822 pervenire.
290 1758 316 1802 J
321 1775 391 1804 am
409 1774 508 1817 ergo
534 1756 690 1803 dicunt
712 1756 971 1817 adjutricem
996 1774 1082 1804 esse
1102 1759 1285 1819 gratiam
1309 1759 1408 1815 Dei,

33 1827 88 1874 ad
119 1827 288 1874 facilius
322 1826 534 1874 facienda.
570 1827 659 1872 Ista
690 1837 793 1872 sunt
815 1827 932 1872 enim
963 1827 1099 1874 verba
1124 1844 1274 1873 eorum
1304 1845 1316 1872 ι
1343 1827 1412 1874 Ad

32 1897 118 1944 hoc
142 1898 285 1954 dedit,
307 1898 531 1960 inquiunt,
558 1897 675 1942 Deus
694 1897 877 1957 gratiam
896 1914 1020 1943 suam
1049 1897 1306 1944 hominibus
1321 1935 1333 1953 ,
1364 1907 1415 1945 ut

35 1968 154 2032 quod
170 1969 309 2014 facere
322 1968 539 2028 jubentur
551 1984 630 2031 per
648 1967 837 2013 liberum
851 1968 1099 2025 arbitrium,
1121 1969 1291 2015 facilius
1306 1986 1416 2033 pos-

36 2039 120 2084 sint
136 2037 317 2101 implere
342 2054 420 2100 per
442 2038 638 2096 gratiam.
668 2036 772 2082 Velo
793 2037 986 2094 facilius,
1011 2055 1132 2084 remo
1156 2038 1376 2085 difficilius
1400 2058 1413 2085 ι

37 2118 181 2154 tamen
201 2118 243 2153 et
255 2125 373 2153 remo
387 2107 490 2154 itur.
517 2107 542 2151 J
547 2116 722 2152 umento
742 2106 928 2162 facilius,
954 2106 1144 2170 pedibus
1159 2107 1378 2155 difficilius
1399 2127 1413 2154 ε

0 2236 2 2242 y
39 2179 112 2226 sed
133 2189 279 2224 tamen
310 2189 352 2223 et
377 2177 565 2242 pedibus
592 2177 856 2240 pervenitur.
888 2177 988 2223 Non
1015 2188 1078 2223 est
1101 2177 1175 2224 sic.
1213 2179 1420 2239 Magister

0 2277 5 2323 Ι
40 2249 154 2296 enim
182 2265 309 2297 verus
335 2248 411 2311 qui
432 2247 649 2293 neminem
671 2246 854 2311 palpat,
877 2247 1095 2293 neminem
1131 2246 1269 2305 fallit,
1294 2266 1420 2296 verax

0 2375 7 2383 ⁶
42 2319 194 2366 doctor
215 2319 418 2383 idemque
443 2317 641 2365 Salvator
658 2356 670 2376 ,
698 2317 753 2363 ad
775 2335 905 2381 quem
924 2335 1003 2364 nos
1022 2318 1145 2364 duxit
1167 2318 1420 2366 molestissi-

0 2446 8 2454 ι
43 2407 138 2436 mus
165 2390 446 2454 paedagogus,
473 2405 576 2434 cum
593 2388 647 2434 de
665 2388 792 2434 bonis
816 2388 1024 2452 operibus
1040 2426 1052 2445 ,
1074 2388 1121 2434 id
1142 2399 1222 2444 cst,
1249 2389 1302 2435 de
1324 2407 1419 2436 sar-

44 2471 289 2506 mentorum
311 2471 353 2505 et
385 2458 618 2523 palmitum
649 2458 869 2504 fructibus
902 2458 1152 2521 loqueretur
1169 2495 1181 2516 ‚
1211 2477 1300 2506 non
1325 2460 1384 2506 ait
1406 2477 1418 2504 ε

3 2527 6 2536 '
48 2529 147 2577 Sine
175 2548 244 2576 me
262 2529 440 2594 quidem
462 2529 640 2593 potestis
673 2528 813 2574 facere
840 2528 1006 2592 aliquid
1021 2565 1032 2585 ,
1055 2528 1131 2574 sed
1149 2528 1320 2576 facilius
1343 2546 1424 2593 per

0 2600 11 2634 5¹
48 2616 144 2656 me;
170 2618 258 2647 non
276 2601 336 2647 ait
359 2618 370 2645 ε
399 2601 612 2647 Fructum
628 2609 817 2647 vestrum
840 2598 930 2648 sine
955 2615 1024 2645 me
1054 2599 1233 2663 potestis
1250 2599 1389 2648 facere
1408 2635 1422 2657 ,

103 2710 114 2732 ¹
133 2722 150 2742 2
168 2710 257 2745 Pelr.
271 2722 310 2748 11,
332 2722 384 2752 19.
405 2728 450 2734 —
465 2709 481 2733 2
497 2712 594 2747 Joan.
614 2721 690 2755 vm,
707 2711 822 2747 34-36.

189 2778 338 2809 CXXVI.
1248 2774 1306 2805 22
