1866 3241
394 216 481 262 152
811 235 843 263 s.
887 232 1125 263 Aroesrlm
1162 234 1200 263 131
1217 235 1361 264 Iscom

393 313 417 357 (j
429 297 468 341 ui
485 297 590 342 dixit
607 315 618 342 ε
637 318 656 338 α
672 298 785 343 Ecce
799 299 909 343 venit
935 300 1136 362 princeps
1155 299 1325 355 mnndi,
1343 310 1382 343 et
1403 300 1446 344 in
1468 316 1533 343 me
1552 300 1663 345 nihil
1684 300 1755 345 in-
1814 330 1817 353 ς
1864 310 1866 318 ’

395 387 415 405 ›>
435 367 626 413 venietU
645 369 755 413 Eum
771 369 844 430 qui
863 386 946 413 non
972 386 1046 413 nm
1059 380 1147 413 erat
1171 379 1415 431 peccatum,
1433 380 1662 431 peceatum
1676 386 1757 432 pro
1814 372 1816 375 ’
1855 365 1859 367 ’

395 455 415 475 υ
437 436 561 491 uobis
580 437 682 483 fecit
701 456 711 482 :
734 460 753 478 >³
773 455 869 482 eum
894 439 1037 499 ipsum
1069 438 1293 483 Christum
1319 438 1574 482 nescientem
1599 456 1759 501 pecca-
1816 454 1818 463 ’

393 515 505 561 tuni„
531 506 632 552 fecit
652 526 732 570 pro
756 508 880 552 nobis
902 508 1015 552 Deus
1037 518 1280 570 peecatum.
1312 507 1434 564 Quid
1457 519 1516 552 est
1537 508 1641 563 hoc,
1669 508 1760 554 fra—
1815 528 1819 564 :³
1862 503 1864 508 ¹

395 578 510 620 tres?
537 575 581 620 Si
607 576 851 622 diceretur:
876 577 993 622 Fecit
1016 578 1062 621 in
1091 576 1215 622 illum
1239 587 1487 640 peccatum,
1520 587 1610 634 aut,
1648 579 1763 624 Fecit

397 643 520 689 illum
545 645 706 691 habere
730 657 981 710 peccatum3
1001 646 1272 692 intolerabile
1293 647 1764 711 videreturzquomodo
1792 688 1798 696 .
1819 691 1821 711 ς
1857 646 1859 650 ’

400 713 631 760 toleramus
650 716 769 779 quod
792 716 960 762 dictum
983 727 1069 761 est:
1090 717 1209 762 Fecit
1227 733 1325 765 eum
1345 728 1593 780 peccatum,
1611 728 1659 763 ut
1676 717 1766 781 ipse
1818 714 1821 755 J

400 783 601 829 Christus
627 786 679 830 sit
702 789 958 849 peccatum?
981 786 1069 842 Qui
1099 797 1312 832 noverunt
1337 787 1584 850 Scripturas
1606 787 1767 832 Veteris
1820 818 1822 836 ἰ
1864 801 1866 803 ·

401 853 687 911 Testamenti,
721 866 1032 915 recognoscunt
1062 855 1181 919 quod
1215 855 1327 902 dico.
1363 856 1462 901 Non
1494 856 1609 901 enim
1643 855 1768 901 semel
1820 848 1824 921 ξ

403 922 570 968 dictum
603 936 686 981 est,
724 925 798 970 sed
829 925 1077 989 aliquoties,
1119 925 1398 981 creberrime,
1437 935 1616 988 peccata
1653 925 1770 970 dicta
1820 937 1822 941 '

402 1003 501 1037 sunt
533 995 742 1040 sacrificia
773 1013 853 1058 pro
885 997 1086 1058 peccatis.
1127 995 1425 1051 offerebatur,
1465 995 1588 1041 verbi
1615 995 1767 1054 gratia,
1822 1002 1828 1010 ⁹

403 1079 484 1124 pro
513 1074 693 1125 peccato
719 1064 886 1121 hircus,
920 1066 1042 1121 aries,
1074 1065 1330 1128 quodlibet:
1350 1066 1444 1128 ipsa
1467 1065 1644 1111 victima
1673 1081 1772 1127 quae

405 1132 664 1197 offerebatur
680 1151 761 1197 pro
778 1146 976 1197 peccato,
994 1146 1224 1198 peccatum
1243 1134 1590 1180 nominabatur2.
1612 1138 1772 1179 Pecca—
1828 1132 1829 1135 ¹

404 1211 499 1246 tum
519 1219 617 1262 ergo
638 1203 866 1249 dicebatur
882 1205 1138 1250 sacrificium
1158 1222 1238 1267 pro
1252 1204 1524 1267 peccatozita
1546 1213 1595 1248 ut
1614 1202 1774 1248 alicubi
1825 1242 1827 1244 .

405 1270 523 1316 dicat
552 1273 653 1328 Lex,
688 1274 926 1319 sacerdotes
962 1291 1119 1337 ponere
1151 1274 1308 1319 debere
1337 1291 1489 1318 manus
1521 1290 1617 1318 suas
1647 1290 1776 1336 super

405 1342 678 1404 peccatum3.
701 1344 831 1403 Ergo,
850 1365 869 1385 c<
887 1345 997 1388 Eum
1013 1345 1089 1406 qui
1102 1361 1189 1389 non
1207 1354 1385 1390 noverat
1408 1353 1656 1407 peccatum,
1674 1342 1777 1387 fecit

406 1431 427 1452 >³
437 1429 518 1473 pro
535 1412 660 1457 nobis
672 1424 923 1475 peccatum:
939 1413 1015 1459 »id
1032 1424 1110 1469 est,
1133 1413 1482 1475 sacrificiumpro
1499 1422 1679 1475 peccato
1688 1411 1776 1457 fac-

408 1492 477 1526 tus
494 1492 569 1529 est.
594 1484 827 1528 Peccatum
849 1483 1044 1528 oblatum
1066 1493 1143 1538 ests
1178 1492 1220 1526 et
1236 1482 1424 1528 deletum
1445 1492 1508 1526 est
1528 1492 1771 1545 peccatum.

409 1552 545 1596 Fusus
573 1563 635 1597 est
660 1553 829 1612 sanguis
852 1552 1172 1616 Redemptoris,
1193 1563 1234 1597 et
1254 1552 1392 1597 deleta
1415 1562 1476 1597 est
1492 1551 1636 1597 cautio
1651 1551 1779 1599 debi-

410 1621 523 1667 toris.
554 1623 652 1684 Ipse
675 1632 736 1666 est
755 1622 925 1682 sanguis
944 1622 1020 1684 qui
1042 1639 1122 1685 pro
1140 1621 1288 1666 multis
1309 1623 1465 1666 effusus
1487 1631 1549 1666 est
1566 1620 1613 1666 in
1635 1619 1780 1665 remis-

407 1708 570 1735 smnem
591 1702 883 1753 peccatorum.

474 1760 548 1806 Vl.
592 1760 711 1816 Quid
747 1772 808 1805 est
841 1778 940 1820 ergo
975 1760 1093 1823 quod
1127 1760 1377 1823 insipienter
1409 1758 1629 1814 exultasti,
1664 1774 1781 1803 meus

412 1830 672 1892 captivator,
702 1830 803 1892 quia
828 1847 1000 1875 carnem
1024 1829 1248 1875 mortalem
1272 1829 1432 1874 habuit
1453 1844 1571 1872 meus
1596 1827 1780 1872 Libera—

410 1909 479 1943 tor
497 1901 515 1943 ‘P
541 1898 587 1943 Si
607 1898 768 1943 habuit
786 1910 1041 1961 peccatum,
1058 1899 1156 1944 vide
1181 1916 1191 1942 :
1215 1898 1249 1942 si
1267 1897 1430 1960 aliquid
1451 1908 1572 1942 tuum
1588 1897 1633 1942 in
1655 1897 1780 1942 eoin-

410 1968 582 2023 venisti,
595 1978 704 2013 tene.
722 1969 945 2014 «Verbum
963 1985 1063 2013 caro
1076 1968 1240 2013 factum
1251 1966 1354 2013 esth.
1376 1967 1599 2012 »Verbum
1614 1977 1778 2011 creator

412 2048 492 2093 est,
520 2054 618 2083 caro
643 2048 836 2083 creatura
857 2048 931 2084 est.
959 2037 1078 2093 Quid
1102 2037 1166 2082 ihi
1190 2047 1332 2093 tuum,
1359 2036 1561 2081 inimice?
1591 2035 1647 2080 Et
1668 2035 1779 2080 Ver—

412 2108 521 2152 bum
555 2108 668 2152 Deus
698 2118 776 2159 est,
810 2118 852 2152 et
882 2108 1022 2153 anima
1057 2106 1246 2152 hominis
1280 2116 1473 2151 creatura
1498 2115 1576 2160 est,
1610 2115 1652 2149 et
1682 2121 1781 2149 caro

412 2177 602 2222 hominis
627 2188 822 2223 creatura
852 2188 935 2233 est,
966 2187 1008 2222 et
1034 2192 1133 2221 caro
1156 2174 1347 2220 mortalis
1369 2174 1447 2219 Dei
1477 2184 1671 2219 creatura
1702 2183 1776 2220 est.

415 2247 651 2293 Peccatum
682 2264 840 2309 quaere.
879 2246 962 2291 Sed
992 2245 1097 2308 quid
1134 2248 1326 2307 quaeras?
1363 2244 1529 2289 Veritas
1558 2242 1779 2306 loquitur:

417 2317 602 2361 «Veniet
628 2316 830 2379 princeps
842 2315 994 2360 mundi
1013 2315 1162 2373 hujus,
1179 2314 1277 2358 etin
1296 2331 1364 2359 me
1383 2312 1495 2359 nihil
1508 2312 1695 2358 inveniet
1707 2311 1739 2358 5.
1762 2333 1782 2353 »

416 2386 513 2430 Non
543 2403 642 2445 ergo
673 2403 761 2431 non
791 2385 953 2431 invenit.
982 2401 1173 2440 carnem,
1207 2383 1279 2428 sed
1313 2382 1425 2428 nihil
1454 2398 1599 2437 suum,
1630 2380 1676 2425 id
1699 2391 1777 2437 est,

464 2485 474 2505 ¹
494 2487 589 2518 Joan.
606 2495 673 2526 xiv,
691 2486 797 2518 30.—
814 2483 830 2506 2
845 2486 889 2518 V.
906 2486 1007 2516 Seu-m.
1024 2482 1064 2514 de
1078 2482 1186 2513 verbis
1207 2484 1272 2524 Ap.
1287 2480 1365 2515 alias
1384 2492 1427 2525 vx,
1450 2491 1521 2524 cap.
1541 2482 1572 2514 8.
1587 2496 1633 2503 ——
1649 2477 1663 2502 3
1680 2480 1780 2516 Levit,

414 2547 456 2575 iv,
476 2548 531 2579 29,
550 2537 639 2579 juxta
658 2548 793 2571 1,xx.--
809 2534 821 2558 ⁴
839 2539 973 2576 Joan.1,
994 2541 1044 2573 ι4.
1058 2551 1102 2558 -
1119 2532 1132 2556 ⁵
1150 2534 1197 2567 Id.
1220 2545 1286 2574 xiv,
1306 2536 1355 2567 30.
