1866 3241
402 216 461 261 2ss
823 233 857 261 s.
901 231 1142 264 Aijousrim
1178 236 1378 266 1:1›1500121

400 315 420 336 ›>
433 312 517 340 csse
537 295 714 359 aequalis
734 296 865 343 Deo1.
893 318 913 338 »
934 298 1166 361 AEqualitas
1184 301 1301 346 omni
1322 301 1450 346 modo
1464 303 1757 362 conjungitur.

400 365 455 409 Et
476 364 582 428 quid
605 365 739 411 dixit?
759 388 778 407 α
802 367 898 412 Non
933 368 1143 431 rapinam.
1171 391 1190 411 >2
1213 371 1388 426 Quare?
1423 372 1537 427 Quia
1561 372 1670 418 illud
1699 383 1760 418 est

398 435 567 499 rapina,
593 436 711 499 quod
736 436 921 483 alienum
940 448 1014 485 est.

464 505 582 553 XIV.
614 507 775 553 Tamen
789 525 835 553 ex
856 507 1027 554 duabus
1050 509 1138 554 istis
1157 509 1461 557 collationibus
1478 522 1520 557 et
1542 513 1768 572 generibus

398 575 596 632 duobus,
632 577 955 625 similitudinem
982 579 1170 624 fortassis
1198 580 1441 626 invenimus
1470 581 1515 626 in
1541 592 1733 628 creatura
1752 619 1762 638 ‚

398 646 616 709 quomodo
640 648 927 708 intelligamus
948 649 1104 694 Filium
1125 660 1165 694 et
1189 661 1451 696 coaeternum
1477 651 1596 696 Patri
1620 662 1661 697 et
1688 669 1766 697 ne—
1832 704 1834 711 s

397 733 616 780 quaquam
640 719 862 765 minorem.
890 719 973 764 Sed
995 737 1082 765 non
1110 719 1218 765 illud
1248 737 1472 784 possumus
1496 721 1686 768 invenire
1721 722 1767 768 in
1832 713 1835 723 ⁸

398 803 485 832 uno
521 804 670 847 genere
706 788 1038 835 similitudinum
1082 807 1093 835 ι
1134 794 1369 850 J'ungamus
1417 791 1546 837 ambo
1595 809 1760 852 genera.
1832 787 1834 796 ’

398 857 629 913 Quomodo
644 860 772 904 ambo
795 862 973 919 genera?
993 860 1137 905 Unum
1160 860 1274 906 unde
1291 860 1375 924 ipsi
1391 860 1499 906 dant
1513 861 1767 908 similitudi-
1830 889 1833 919 ;

397 945 492 976 nes.
520 938 562 973 et
585 928 766 975 alterum
798 929 914 976 unde
947 947 1024 976 nos
1058 929 1269 978 dedimus.
1308 930 1528 977 Dederunt
1555 932 1668 977 enim
1706 930 1767 977 illi
1830 922 1832 997 J

396 997 694 1045 similitudines
729 1018 775 1045 ex
798 1000 867 1046 his
892 1017 991 1064 quae
1012 1011 1250 1046 nascuntur
1279 1000 1324 1046 in
1346 1011 1557 1066 tempore,
1585 1012 1626 1047 et
1648 1018 1768 1065 prae—
1830 1011 1831 1020 ¹

397 1068 611 1116 ceduntur
637 1081 829 1135 tempore
847 1072 902 1117 ab
921 1071 978 1117 eis
996 1090 1018 1117 a
1040 1072 1199 1135 quibus
1223 1082 1477 1128 nascuntur,
1504 1073 1614 1118 sicut
1636 1072 1768 1118 homo
1829 1063 1831 1113 s

398 1138 450 1183 de
471 1139 660 1188 homine.
698 1143 836 1202 Major
864 1141 933 1186 ille
968 1152 1159 1204 tempore
1196 1142 1316 1205 prior
1339 1153 1465 1188 natus
1489 1160 1499 1187 ε
1529 1142 1601 1187 sed
1626 1153 1770 1187 tamen
1828 1145 1838 1196 ζ,

398 1209 531 1255 homo
550 1221 592 1255 et
614 1211 746 1257 homo
769 1249 780 1268 ,
806 1212 851 1257 id
873 1222 951 1268 est,
982 1212 1170 1272 ejusdem
1201 1212 1465 1259 substantiae.
1491 1213 1634 1258 Homo
1656 1212 1771 1258 enim
1828 1255 1829 1269 ,

398 1279 617 1326 hominem
639 1293 811 1342 generat
832 1320 843 1338 ,
867 1293 908 1327 et
945 1300 1079 1347 equus
1097 1300 1282 1346 equum,
1321 1293 1361 1328 et
1378 1300 1510 1346 pecus
1536 1282 1763 1347 pecudem.

400 1350 465 1395 Ad
490 1351 683 1397 eamdem
711 1353 997 1398 substantiam
1026 1363 1229 1412 generant
1248 1353 1353 1406 ista3
1383 1352 1453 1398 sed
1474 1370 1559 1398 non
1584 1353 1638 1398 ad
1656 1353 1770 1399 idem

397 1430 580 1484 tempus.
613 1422 788 1468 Diversa
810 1433 910 1467 sunt
937 1432 1152 1485 tempore3
1180 1421 1253 1467 sed
1275 1439 1362 1466 non
1386 1433 1486 1467 sunt
1500 1422 1667 1468 diversa
1690 1440 1772 1468 na-
1826 1445 1827 1472 3

398 1500 508 1538 tura.
538 1492 658 1548 Quid
692 1510 792 1553 ergo
836 1492 910 1538 hic
941 1491 1167 1537 laudamus
1190 1492 1235 1537 in
1255 1492 1333 1537 ista
1372 1493 1622 1538 nativitate?
1647 1493 1772 1539 Certe
1824 1528 1825 1555 ÷

398 1561 688 1625 aequalitatem
707 1574 888 1609 naturae.
917 1562 1036 1618 Quid
1061 1572 1203 1607 autem
1222 1561 1364 1608 deest?
1390 1561 1625 1626 AEqualitas
1657 1573 1771 1614 tem-

397 1632 528 1696 poris.
556 1634 590 1677 T
594 1651 794 1681 eneamus
814 1634 888 1679 hie
911 1650 1047 1678 unum
1065 1633 1183 1697 quod
1206 1631 1426 1688 laudatur,
1447 1632 1491 1678 id
1511 1643 1590 1689 est,
1623 1650 1770 1698 aequa-
1822 1676 1824 1678 .

395 1702 561 1749 litatem
580 1716 764 1752 naturae.
785 1706 838 1750 In
861 1704 935 1750 illo
953 1714 1096 1749 autem
1115 1720 1265 1763 genere
1283 1703 1634 1760 similitudinum,
1655 1704 1772 1769 quod

398 1790 475 1819 nos
512 1773 709 1821 dedimus
734 1775 787 1820 de
823 1774 1049 1839 splendore
1080 1773 1189 1833 ignis
1220 1783 1261 1818 et
1285 1772 1337 1818 de
1356 1773 1540 1833 imagine
1576 1772 1769 1833 virgulti,
1822 1772 1823 1775 ¹

401 1843 692 1907 aequalitatem
725 1856 893 1891 naturae
932 1861 1019 1889 non
1059 1843 1254 1898 invenis,
1284 1843 1449 1888 invenis
1481 1842 1765 1911 cozevitatem.
1820 1875 1822 1889 ;

402 1913 520 1970 Quid
535 1915 609 1962 hic
627 1915 885 1962 laudamus?
906 1914 1203 1960 Coaevitatem.
1221 1912 1341 1969 Quid
1364 1912 1516 1958 deest?
1542 1913 1776 1977 AEqualitas
1820 1935 1828 1957 ¹:

400 1995 580 2033 naturae.
615 1987 842 2046 Conjunge
872 2002 970 2049 quae
996 1983 1160 2030 laudas.
1203 1984 1253 2029 In
1283 1984 1488 2029 creaturis
1515 1983 1629 2029 enim
1658 1982 1774 2030 deest
1819 1975 1826 2030 l,

401 2055 566 2119 aliquid
590 2057 709 2120 quod
748 2056 898 2102 laudas
924 2093 934 2113 ,
956 2055 1001 2101 in
1026 2055 1228 2100 Creatore
1261 2053 1401 2099 deesse
1438 2052 1550 2099 nihil
1589 2063 1731 2117 potest
1758 2072 1769 2099 ι

401 2126 503 2189 quia
527 2127 645 2189 quod
665 2127 830 2173 invenis
850 2126 895 2172 in
913 2135 1125 2181 creatura,
1146 2142 1169 2170 a
1194 2124 1395 2169 Creatore
1413 2123 1577 2169 artifice
1594 2140 1773 2187 proces-

402 2197 468 2242 sit.
499 2197 617 2253 Quid
635 2216 733 2259 ergo
759 2199 802 2244 in
827 2197 1014 2243 coaevis‘?
1037 2212 1178 2241 nonne
1198 2194 1284 2240 hoc
1306 2194 1397 2239 Deo
1426 2193 1621 2239 dandum
1656 2194 1775 2258 quod
1816 2212 1824 2251 ς

404 2267 465 2311 ibi
487 2266 672 2314 laudas?
696 2267 825 2325 Quod
843 2278 984 2313 autem
1003 2267 1119 2312 deest
1133 2283 1220 2312 non
1239 2263 1520 2310 tribuendum
1543 2264 1770 2324 majestati,

405 2337 447 2382 in
466 2353 551 2402 qua
574 2338 718 2385 nullus
734 2338 925 2384 defectus
948 2348 1021 2384 est.
1056 2338 1168 2383 Ecce
1194 2336 1322 2381 offero
1346 2334 1427 2380 tibi
1450 2334 1602 2394 genitis
1629 2351 1776 2380 coaeva
1814 2378 1815 2396 ζ

404 2407 616 2467 gignentia
637 2427 647 2453 ε
668 2409 818 2455 laudas
844 2409 907 2454 ibi
933 2407 1201 2454 coaevitatem
1221 2443 1231 2457 ,
1258 2404 1330 2452 sed
1356 2403 1682 2468 disparilitatem
1702 2421 1774 2449 re-
1813 2423 1816 2441 ι

403 2477 648 2543 prebendis,
686 2478 819 2536 Quod
845 2477 1126 2543 reprehendis
1142 2515 1153 2534 ‚
1182 2476 1270 2523 noli
1290 2475 1481 2530 tribuere
1504 2475 1596 2520 Deo
1622 2490 1632 2519 ε
1656 2473 1775 2538 quod
1812 2505 1814 2546 Γ

455 2571 464 2595 ¹
485 2569 600 2614 Philip.
621 2583 657 2608 n,
672 2571 703 2601 6.
