1866 3241
7 2389 13 2652 -„-..——————
4 1718 12 2382 ——————-——

231 265 372 294 sunno
408 264 525 303 (mxi,
565 263 620 292 DE
655 263 812 293 viminis
849 262 1000 294 Ai‘osr.
1048 265 1061 293 1
1106 266 1204 296 con.
1246 267 1307 297 vr.
1382 251 1475 313 373

103 330 352 383 Christum3
384 347 471 375 non
490 330 607 375 dicat
629 347 640 375 ε
670 329 860 385 Faciam,
884 329 995 374 nihil
1018 346 1112 375 sum
1131 349 1140 375 :
1160 352 1179 372 «
1198 332 1353 378 Omnis
1375 349 1476 378 caro

103 400 354 448 »finnumt
392 423 411 442 »
445 400 529 446 Sed
562 418 721 465 corpus
750 411 876 447 tuum
910 400 1155 446 membrum
1192 413 1255 447 est
1290 402 1469 448 Christi.

103 472 202 527 Quo
229 472 352 517 ibas')
376 471 501 517 Redi.
533 471 632 527 Quo
656 482 695 516 te
718 482 921 534 tanquam
942 470 1217 534 praecipitare
1235 473 1474 535 cupiebas?

100 543 236 587 Parce
260 542 305 587 in
334 553 374 588 te
405 542 607 598 Christo,
643 559 822 602 agnosce
848 542 892 587 in
916 552 956 586 te
987 541 1228 588 Christum.
1255 564 1275 584 «
1304 543 1478 588 'rollens

101 633 121 653 ›>
142 630 240 672 ergo
278 613 471 658 membra
508 613 690 664 Christi,
726 613 882 659 faciam
913 612 1108 657 membra
1143 613 1435 659 meretricis2?
1456 635 1477 655 >2

100 683 300 728 ll‘leretrix
325 694 385 728 est·
412 683 544 734 enim,
575 701 673 747 quae
695 684 776 729 tibi
804 684 858 729 ad
881 682 1142 728 adulterium
1163 683 1378 728 consentit
1399 701 1411 728 ι
1435 694 1478 728 et

98 753 207 799 forte
223 754 316 817 ipsa
335 754 582 800 Christiana
602 754 713 800 tollit
730 755 925 800 membra
944 754 1132 811 Christi,
1153 764 1194 799 et
1210 753 1316 800 facit
1333 771 1476 800 mem-

99 824 179 869 bra
193 824 391 871 adulteri.
418 825 610 870 Invicem
648 825 694 870 in
707 825 831 871 vobis
844 825 1118 870 contemnitis
1137 824 1382 881 Christum,
1399 842 1480 870 nec

101 895 328 954 agnoscitis
350 896 587 941 Dominum
609 907 817 944 vestrum.
844 913 925 942 nec
953 896 1150 956 cogitatis
1169 896 1358 959 pretium
1380 913 1479 941 ves-

104 976 230 1012 trum.
267 965 417 1022 Qualis
446 978 588 1012 autem
617 967 688 1012 ille
722 967 957 1023 Dominus,
986 967 1062 1030 qui
1087 984 1228 1012 servos
1254 984 1351 1012 suos
1377 966 1481 1012 fecit

100 1037 249 1082 fratres
285 1040 412 1083 suos?
450 1038 533 1084 Sed
566 1056 723 1102 parum
748 1049 840 1084 erat
870 1038 1020 1084 fratres
1053 1056 1166 1095 suos,
1203 1038 1286 1084 nisi
1319 1037 1479 1084 faceret

100 1108 295 1153 membra
318 1125 406 1155 sua.
437 1110 586 1155 Ita-ne
606 1120 725 1155 tanta
749 1109 936 1170 dignitas
959 1109 1114 1155 viluit?
1141 1109 1253 1166 Quia
1278 1120 1367 1155 tam
1393 1108 1476 1153 be-

100 1178 228 1237 nigne
244 1179 439 1242 praestita
456 1191 534 1236 est,
552 1198 640 1226 non
658 1180 801 1226 honor
819 1181 857 1226 ei
873 1180 1154 1226 retribuitur?
1175 1180 1219 1226 Si
1239 1197 1327 1226 non
1344 1195 1478 1244 praes-

105 1259 280 1297 [aretur.
310 1249 622 1296 desideraretur
643 1268 652 1295 ε
675 1250 777 1313 quia
800 1251 996 1314 praestita
1017 1261 1095 1306 est,
1126 1250 1444 1296 contemnitur?

168 1319 226 1365 ll.
270 1319 380 1366 Haec
403 1331 546 1365 autem
578 1338 763 1384 corpora
792 1332 955 1377 nostra,
987 1338 1087 1384 quae
1113 1320 1224 1366 dicit
1247 1319 1479 1384 Apostolus

104 1389 297 1435 membra
327 1408 413 1436 esse
445 1391 629 1448 Christi,
656 1402 837 1455 propter
867 1409 1026 1455 corpus
1062 1391 1245 1447 Christi,
1279 1390 1398 1454 quod
1433 1407 1482 1436 ex

103 1477 252 1519 genere
276 1461 470 1524 corporis
493 1463 628 1507 nostri
652 1462 856 1526 suscepit,
884 1461 983 1508 haec
1006 1479 1106 1522 ergo
1130 1478 1314 1525 corpora
1334 1471 1482 1507 nostra

103 1531 210 1576 dicit
240 1531 355 1577 idem
391 1532 624 1596 Apostolus
665 1532 878 1596 templum
917 1549 1003 1577 esse
1041 1532 1087 1578 in
1124 1532 1251 1578 nobis
1295 1531 1484 1596 Spiritus

103 1602 258 1654 sancti,
293 1620 423 1666 quem
458 1603 671 1649 habemus
696 1622 719 1648 a
750 1604 856 1650 Deo.
902 1604 1087 1666 Propter
1119 1619 1279 1666 corpus
1317 1601 1484 1648 Christi

104 1690 286 1736 corpora
308 1686 454 1720 nostra
483 1675 678 1720 membra
703 1686 802 1720 sunt
836 1674 1026 1720 Christi3
1050 1692 1060 1719 :
1087 1685 1269 1738 propter
1300 1673 1484 1719 inhabi-

104 1754 265 1789 tantem
297 1745 512 1808 Spiritum
542 1745 735 1792 Christi.
762 1762 946 1808 corpora
970 1755 1116 1790 nostra
1140 1755 1241 1789 sunt
1270 1743 1485 1807 templum

106 1814 294 1877 Spiritus
314 1816 465 1861 sancti.
493 1815 613 1871 Quid
631 1815 789 1860 horum
810 1815 856 1860 in
876 1826 917 1860 te
941 1814 1210 1860 contemnis?
1234 1814 1481 1871 Christum,

104 1888 228 1943 eujus
260 1885 507 1930 membrum
535 1889 606 1931 es?
640 1903 694 1930 an
719 1885 930 1948 Spiritum
961 1895 1177 1940 sanctum,
1216 1889 1342 1945 cujus
1370 1895 1484 1930 tem-

104 1954 227 2017 plum
243 1957 311 2000 es?
333 1956 478 2017 Ipsam
491 1955 777 2010 meretricem,
792 1972 891 2017 quae
904 1955 984 2000 tibi
998 1955 1212 2000 consentit
1229 1955 1283 2001 ad
1299 1954 1482 2011 malum,

106 2041 192 2069 non
220 2024 349 2069 audes
373 2024 549 2070 fortasse
573 2024 847 2070 introducere
871 2024 918 2070 in
941 2025 1199 2070 cubiculum
1229 2036 1379 2082 tuum,
1407 2025 1488 2071 ubi

106 2094 242 2139 habes
264 2094 425 2140 lectum
451 2106 573 2140 tuum
594 2094 866 2155 conjugalem
889 2112 899 2139 ε
921 2094 993 2139 sed
1010 2095 1168 2157 quaeris
1191 2094 1381 2158 aliquem
1401 2095 1486 2140 ab-

101 2169 266 2224 jectum
295 2166 341 2210 in
370 2165 500 2211 domo
523 2176 598 2211 tua
623 2177 665 2211 et
690 2176 864 2229 turpem
895 2165 1067 2221 locum,
1101 2166 1147 2210 in
1179 2182 1266 2228 quo
1303 2166 1490 2230 turpiter

106 2234 325 2281 voluteris.
358 2236 504 2282 Defers
531 2254 630 2296 ergo
664 2236 875 2282 honorem
905 2235 1111 2281 cubiculo
1137 2235 1277 2281 uxoris
1302 2247 1415 2293 tuae,
1447 2247 1491 2282 et

109 2324 196 2351 non
220 2306 357 2352 defers
383 2307 545 2370 templo
571 2308 651 2352 Dei
675 2308 769 2353 tui?
795 2308 894 2353 Non
924 2306 1167 2353 introducis
1195 2307 1487 2370 impudicam,

109 2377 186 2422 ubi
208 2377 370 2422 dormis
388 2395 489 2423 cum
504 2382 686 2438 conjuge
705 2389 797 2431 tua,
822 2389 864 2424 et
887 2389 935 2424 tu
957 2378 1048 2442 ipse
1070 2378 1105 2423 is
1123 2377 1177 2423 ad
1199 2377 1488 2442 impudicam,

110 2464 211 2493 eum
241 2447 296 2493 sis
328 2448 540 2512 templum
577 2449 687 2494 Dei?
721 2449 837 2494 Puto
869 2448 973 2513 quia
1008 2447 1162 2494 melius
1191 2458 1254 2494 est
1283 2448 1499 2513 templum

110 2521 208 2569 Dei.
230 2537 364 2585 quam
383 2519 639 2566 cubiculum
657 2520 798 2566 uxoris
812 2531 912 2568 tuae.
935 2521 1227 2585 Quocumque
1243 2520 1358 2567 enim
1374 2519 1488 2577 ieriS‚

160 2612 260 2644 llsa'i.
289 2622 340 2644 κε..
371 2611 403 2645 6,
432 2627 478 2634 -
506 2609 522 2632 2
555 2622 567 2641 1
596 2612 672 2643 Cor.
700 2621 746 2648 w,
774 2608 1015 2643 15.=-31bid.
1036 2621 1090 2652 19·
