1866 3241
369 335 459 382 262
788 349 824 381 s.
865 348 1107 382 Aucusnm
1143 351 1343 383 EPISCOPI

364 415 412 463 in
427 414 515 462 hoc
530 412 627 461 loco
648 414 780 479 positi
801 433 889 462 non
907 417 1124 474 timemus,
1148 418 1289 464 Nolite
1306 436 1391 464 esse
1406 419 1624 482 Epicurei.
1651 423 1739 465 Co.-

369 486 499 546 gitate
526 486 701 549 quidem
731 486 868 544 illud,
899 488 1017 551 quod
1043 488 1210 533 dictum
1234 499 1296 534 est
1331 489 1386 534 ab
1408 489 1478 535 his
1509 508 1596 537 non
1626 500 1739 536 recte

368 557 647 621 loquentibus
672 575 682 602 ε
712 558 817 603 Cras
848 559 962 604 enim
995 559 1204 605 morimur
1225 577 1236 604 :
1258 559 1331 605 sed
1356 577 1443 605 non
1466 562 1584 606 omni
1609 561 1739 607 modo

368 628 603 674 moriemur
623 648 634 683 ;
656 639 799 674 manet
826 630 939 674 enim
962 640 1060 692 post
1079 640 1261 675 mortem
1281 629 1400 693 quod
1416 631 1608 694 sequitur
1628 648 1740 676 mor-

369 710 471 747 tem.
502 699 657 745 Comes
679 700 879 745 morienti
902 711 976 745 aut
994 700 1084 747 vita
1112 700 1210 756 erit,
1235 711 1309 746 aut
1331 717 1478 764 poena.
1512 702 1649 747 Nemo
1669 701 1742 747 di·-

369 780 440 816 cat
461 787 472 815 ε
500 790 521 811 «
541 770 650 826 Quis
668 770 758 816 huc
777 770 878 815 inde
906 787 1096 817 reversus
1119 780 1180 816 est
1196 769 1213 799 1
1230 774 1248 816 ἵ.)
1273 792 1294 813 »
1318 771 1447 817 Dives
1467 770 1538 817 ille
1566 788 1741 835 purpu-

369 850 489 886 ratus
512 857 602 886 sero
620 840 760 886 redire
786 840 949 896 voluit,
973 851 1015 886 et
1040 840 1235 904 permitti
1265 858 1352 886 non
1375 841 1533 904 potuit.
1575 840 1741 886 Stillam

372 912 513 958 sitiens
541 912 783 975 inquisivit,
809 912 894 975 'qui
917 912 1171 957 esurientem
1205 929 1442 975 pauperem
1465 911 1675 958 fastidivit
1703 913 1735 959 2.

372 983 509 1028 Nemo
527 999 626 1042 ergo
643 982 762 1028 dicat
787 1001 798 1028 ε
824 1004 844 1024 c<
865 983 1180 1029 Manducemus
1205 994 1248 1028 et
1263 983 1485 1040 bibamus,
1514 1000 1607 1028 cras
1630 983 1742 1028 enim

369 1074 391 1095 >2
413 1053 662 1101 moriemur.
693 1076 715 1096 »
737 1054 783 1100 Si
797 1054 929 1101 vultis
949 1054 1092 1101 dicere
1119 1073 1130 1099 ε
1152 1075 1171 1096 <‹
1198 1054 1303 1100 Cras
1319 1054 1433 1099 enim
1451 1055 1696 1100 moriemur.
1724 1075 1744 1094 n

372 1142 459 1169 non
486 1123 728 1187 prohibe03
764 1125 838 1172 sed
873 1124 992 1171 aliud
1027 1136 1125 1170 ante
1155 1124 1301 1171 dicite.
1339 1124 1543 1188 Epicurei
1581 1124 1745 1187 quippe

371 1193 489 1240 velut
505 1211 592 1239 non
609 1195 768 1241 victuri
783 1206 882 1259 post
903 1205 1103 1250 mortem,
1126 1195 1249 1257 quasi
1269 1194 1387 1240 aliud
1408 1194 1519 1239 nihil
1535 1194 1745 1239 habentes

372 1264 453 1310 nisi
472 1264 592 1327 quod
612 1263 798 1312 delectat
821 1282 1011 1320 carnem,
1039 1265 1192 1310 dicunt
1212 1282 1222 1309 :
1239 1285 1259 1305 «
1279 1264 1592 1309 Manducemus
1615 1274 1656 1308 et
1680 1263 1745 1308 bi-

373 1355 395 1376 »
418 1334 599 1390 bamus,
636 1351 729 1380 cras
767 1336 883 1380 enim
911 1334 1158 1380 moriemur.
1202 1354 1222 1374 »
1249 1333 1488 1379 Christiani
1516 1350 1617 1379 vero
1652 1343 1749 1396 post

374 1414 557 1450 mortem
575 1405 751 1462 victuri,
775 1416 817 1451 et
832 1405 974 1451 felices
989 1404 1134 1468 potius
1151 1403 1310 1450 victuri
1322 1414 1422 1467 post
1444 1413 1644 1459 mortem,
1663 1419 1749 1448 non

376 1475 527 1520 dicant
540 1492 550 1520 ε
563 1495 582 1516 c<
598 1475 911 1522 Manducemus
922 1486 963 1520 et
974 1475 1196 1530 bibamus,
1214 1491 1307 1519 cras
1323 1474 1435 1519 enim
1451 1473 1684 1519 moriemur
1698 1491 1707 1517 :
1727 1495 1746 1514 >2

375 1544 449 1590 sed
471 1555 608 1590 tenete
632 1546 750 1609 quod
771 1545 933 1591 dicitur
952 1562 963 1589 ι
984 1566 1005 1586 ε(
1029 1544 1135 1589 Cras
1153 1544 1267 1589 enim
1287 1544 1521 1588 moriemur
1548 1560 1559 1588 ι
1584 1553 1660 1587 »et
1684 1543 1748 1587 di-

378 1615 460 1660 cite
483 1632 494 1659 ε
526 1615 778 1674 Jejunemus
796 1626 837 1661 et
861 1632 1054 1670 oremus.
1082 1630 1175 1659 cras
1200 1613 1315 1658 enim
1345 1613 1591 1659 moriemur.
1623 1612 1749 1657 Addo

376 1685 505 1748 plane
528 1685 670 1743 aliud,
697 1686 811 1732 addo
841 1686 1014 1730 tertium
1031 1721 1041 1740 ,
1075 1701 1153 1729 nec
1193 1683 1312 1746 quod
1339 1683 1563 1747 praecipue
1598 1682 1750 1727 obser-

377 1755 572 1801 vandum
592 1767 653 1801 est
669 1756 974 1819 praetermittO,
996 1764 1044 1799 ut
1071 1753 1124 1799 de
1138 1753 1304 1813 jeJ'unio
1326 1763 1401 1798 tuo
1426 1752 1557 1798 sames
1579 1768 1750 1815 paupe-

374 1826 431 1871 ris
453 1825 654 1880 satietur;
674 1837 749 1872 aut
768 1827 803 1871 si
814 1830 1009 1886 jejunare
1025 1841 1114 1869 non
1127 1834 1266 1886 potes,
1291 1822 1427 1882 magis
1443 1838 1610 1885 pascas,
1629 1825 1752 1882 cujus

380 1896 602 1942 saturitate
624 1897 707 1942 tibi
730 1897 853 1943 venia
876 1895 1155 1942 concedatur.
1177 1893 1337 1939 Dicant
1363 1909 1462 1952 ergo
1487 1892 1748 1938 Christiani:

380 1967 632 2027 Jejunemus
662 1978 704 2012 et
731 1984 900 2012 oremus
923 1977 964 2011 et
982 1966 1192 2011 donemus
1208 2001 1218 2019 ,
1253 1980 1347 2008 cras
1372 1962 1485 2007 enim
1504 1962 1747 2008 moriemur.

384 2038 473 2084 Aut
490 2036 524 2083 si
546 2036 652 2082 duas
674 2054 738 2082 res
757 2036 909 2084 volunt
926 2036 1085 2091 dicere,
1110 2051 1186 2093 ego
1207 2033 1315 2093 eligo
1334 2042 1383 2077 ut
1405 2031 1577 2077 dicant:
1607 2032 1755 2076 Done-

382 2125 477 2154 mus
498 2117 541 2153 et
562 2125 748 2165 oremus,
768 2126 901 2171 quam
922 2108 946 2152 J
952 2110 1175 2166 ejunemus
1198 2115 1241 2149 et
1264 2121 1351 2149 non
1375 2103 1597 2148 donemus.
1631 2102 1756 2147 Absit

383 2197 482 2240 ergo
507 2190 556 2225 ut
588 2178 822 2243 Apostolus
852 2179 897 2224 in
922 2194 1104 2240 corpore
1133 2184 1313 2239 poneret
1346 2189 1561 2218 summum
1592 2172 1756 2216 bonum

385 2248 593 2306 hominis,
622 2248 668 2294 id
693 2259 771 2304 est,
798 2246 1082 2293 beatitudinis
1101 2261 1287 2290 causam.

454 2320 576 2366 VIII.
615 2319 700 2365 Sed
733 2335 835 2364 cum
874 2317 1031 2364 Stoicis
1067 2333 1153 2361 non
1184 2314 1386 2360 indecens
1409 2313 1582 2358 fortasse
1615 2312 1759 2358 lucta-

387 2409 486 2437 men
518 2400 593 2437 cst.
623 2386 755 2434 'Ecce
794 2387 908 2433 euim
944 2384 1225 2444 interroganti
1262 2383 1339 2428 ubi
1374 2393 1539 2446 ponant
1572 2382 1760 2427 efficiens

389 2462 531 2507 beatae
554 2458 675 2515 vitae‚
703 2457 750 2504 id
766 2468 845 2514 est,
873 2456 992 2520 quod
1015 2455 1120 2501 facit
1136 2455 1180 2500 in
1199 2454 1374 2499 homine
1396 2453 1569 2497 beatam
1591 2452 1722 2497 vitam
1746 2468 1756 2495 ε

384 2530 662 2595 respondent,
687 2546 775 2575 non
791 2527 992 2591 corporis
1010 2525 1299 2588 voluptatem,
1323 2523 1394 2568 sed
1413 2523 1543 2568 animi
1567 2539 1652 2567 esse
1678 2521 1759 2566 vir-

387 2613 540 2648 tutem.
572 2599 693 2657 Quid
717 2598 948 2663 Apostolus
966 2601 985 2643 P
1020 2597 1202 2643 annuit?
1235 2595 1282 2641 Si
1302 2594 1479 2651 annuit,
1505 2608 1752 2641 annuamus.

420 2687 521 2733 ¹5³1).
538 2700 576 2730 11,
595 2700 623 2721 1.
638 2686 713 2713 —2
726 2690 803 2726 Luc.
818 2698 885 2727 xvz,
908 2688 964 2720 23.
