1866 3241
88 519 1463 542 ιιιιιιιιιιιιιιιιιιιιιιιιιιιιιιιιιιιιιιιιιιιιιιιιιιιιιιιιιιιιιιιι

509 649 715 697 SERMO
754 650 981 698 CXLVIII
997 649 1026 698 1.

88 790 151 839 De
173 790 317 838 verbis
334 792 525 838 Aetuum
547 792 695 855 Apost.
722 808 762 840 v.
790 797 962 840 Nonne
980 811 1177 840 nzcznens
1194 793 1279 840 tc'bc'
1298 813 1463 844 meme-

152 863 252 918 bat‚
276 872 357 909 ete.
373 899 383 918 ‚
408 861 476 907 die
502 862 734 908 Dominico
755 873 1007 910 octavarum
1031 864 1216 911 Paschae
1242 865 1385 913 dictus
1407 867 1462 914 ad

151 943 320 978 sanctos
340 933 550 996 Martyres
563 932 732 993 viginti.

40 1049 43 1127 Ι
150 1094 185 1140 I.
227 1097 330 1139 CUM
347 1090 476 1137 lectio
499 1091 708 1151 legeretur
728 1091 781 1138 de
812 1092 926 1138 libro
947 1092 1023 1156 qui
1051 1093 1312 1141 inscribitur
1324 1097 1458 1144 Actus

85 1164 415 1229 Apostolorum,
460 1162 822 1209 animadvertistis
864 1164 972 1226 quid
1004 1164 1232 1224 contigerit
1265 1167 1324 1211 eis
1346 1204 1356 1221 ‚
1387 1167 1464 1231 qui

84 1252 186 1282 cum
205 1234 354 1281 villam
370 1232 681 1289 vendidissent,
703 1233 1007 1278 subtraxerunt
1033 1233 1087 1278 de
1111 1235 1252 1297 pretio
1274 1236 1406 1292 villae,
1423 1248 1465 1282 ct

86 1316 184 1353 ante
207 1305 339 1369 pedes
362 1303 671 1368 Apostolorum
688 1341 699 1359 ‚
733 1304 857 1366 quasi
885 1314 1027 1349 totuin
1048 1305 1236 1367 pretium
1255 1343 1265 1361 ‚
1299 1324 1462 1370 posue-

84 1387 201 1423 runt.
239 1374 461 1421 Continuo
491 1374 680 1437 correpti
701 1374 1004 1436 expiraverunt
1023 1375 1172 1431 ambo,
1198 1376 1266 1421 vir
1290 1387 1331 1421 et
1359 1395 1463 1424 uxor

83 1450 186 1507 ejus.
220 1443 451 1491 Nonnullis
473 1444 647 1490 videtur
660 1443 788 1488 nimis
808 1461 952 1491 severa
973 1444 1054 1489 ista
1068 1444 1197 1489 fuisse
1224 1448 1460 1511 correptio,

84 1527 133 1563 ut
150 1525 330 1580 propter
348 1514 581 1577 pecuniam
604 1513 657 1558 de
679 1530 723 1558 re
747 1529 822 1557 sua
838 1514 1125 1571 subtractam,
1152 1514 1348 1562 homines
1370 1535 1463 1563 mo-

82 1597 290 1633 rerentur.
316 1585 415 1629 Non
429 1582 516 1629 hoc
532 1582 720 1646 Spiritus
739 1592 912 1629 sanctus
929 1583 1109 1630 avaritia
1129 1584 1248 1641 fecit,
1271 1586 1344 1632 sed
1364 1588 1463 1651 Spi-

83 1657 189 1704 ritus
206 1666 378 1703 sanctus
402 1654 682 1701 mendacium
697 1653 756 1698 sic
778 1654 965 1717 punivit.
995 1655 1107 1700 Nam
1124 1656 1257 1701 verba
1283 1658 1463 1706 audistis

83 1727 317 1773 beatissimi
329 1727 443 1772 Petri
453 1764 464 1782 ‚
477 1723 660 1771 dicentis
674 1741 685 1768 ι
700 1744 720 1765 «
733 1724 887 1769 Nonne
902 1741 1079 1770 manens
1095 1724 1174 1770 tibi
1184 1728 1408 1785 manebat,
1420 1740 1463 1775 et

1 1810 4 1813 '
84 1819 105 1839 »
117 1797 343 1844 venditum
356 1798 401 1843 in
420 1808 494 1842 tua
513 1805 604 1841 erat
619 1805 832 1858 potestate
843 1794 888 1840 Ξῖ)
906 1818 926 1835 »
941 1795 984 1840 Si
1000 1795 1132 1841 nolles
1148 1796 1346 1855 vendere,
1362 1801 1461 1862 quis

85 1879 124 1913 te
136 1873 331 1928 cogeret?
348 1868 394 1913 Si
407 1867 534 1913 velles
549 1866 698 1911 offerre
713 1865 963 1922 dimidium,
980 1866 1077 1928 quis
1089 1866 1270 1926 exigeret
1286 1879 1423 1916 totum
1439 1876 1458 1916 Ἰ.)

83 1938 129 1984 Si
151 1939 262 1984 enim
282 1938 511 1984 dimidium
539 1935 806 1981 offerendum
833 1945 947 1992 erat,
972 1935 1203 1982 dimidium
1223 1938 1460 1987 dicendum

83 2018 186 2054 erat.
219 2010 304 2053 Pro
325 2018 414 2052 toto
428 2006 677 2061 dimidium,
694 2005 781 2050 hoc
797 2015 859 2050 est
872 2005 1144 2068 puniendum
1161 2008 1451 2058 mendacium.

0 2077 13 2093 ”
80 2077 178 2123 Non
203 2089 346 2123 tamen
358 2077 574 2123 videatur.
597 2075 765 2130 fratres,
792 2092 934 2135 severa
961 2078 1195 2140 correptio,
1214 2096 1327 2125 mors
1353 2093 1455 2128 tem-

78 2148 252 2211 poralis.
291 2151 430 2212 Atque
458 2148 625 2193 utinam
655 2146 745 2191 hue
780 2163 913 2208 usque
948 2146 1143 2192 vindicta
1178 2154 1448 2211 processerit.

0 2217 16 2228 ”
82 2217 200 2274 Quid
227 2220 340 2268 enim
363 2236 568 2279 maguum
588 2215 845 2263 mortalibus
877 2216 1057 2276 contigit
1086 2220 1456 2286 quandocumque

0 2282 15 2308 ²·
82 2289 327 2336 morituris)
360 2290 445 2335 Sed
482 2306 561 2353 per
600 2288 773 2333 illorum
810 2287 1091 2351 temporalem
1123 2306 1303 2351 poenam
1341 2294 1454 2340 Deus

1 2357 17 2367 ”
81 2360 177 2407 sciri
200 2360 338 2405 voluit
356 2359 646 2422 disciplinam.
673 2357 950 2403 Credendum
967 2369 1029 2402 est
1049 2369 1191 2405 autem
1217 2362 1336 2424 quod
1356 2375 1455 2427 post

78 2430 192 2477 hanc
210 2431 343 2476 vitam
367 2430 426 2475 eis
443 2428 687 2493 pepercerit
703 2429 820 2473 Deus
842 2446 851 2472 ε
878 2445 1033 2488 magna
1053 2441 1110 2474 est
1135 2431 1251 2477 enim
1267 2438 1355 2492 ejtis
1373 2435 1452 2480 mi-

0 2492 17 2519 *
79 2500 320 2547 sericordia.
366 2501 430 2545 De
462 2499 677 2545 mortibus
699 2509 843 2544 autem
873 2516 972 2562 quae
996 2501 1256 2561 contingunt
1273 2520 1320 2549 ex
1349 2505 1451 2552 vin-

79 2569 193 2616 dicta
209 2608 220 2627 ,
244 2571 303 2617 ait
325 2570 516 2634 quodam
534 2570 631 2617 loco
657 2569 875 2634 apostolus
901 2570 1064 2618 Paulus
1081 2609 1092 2630 ‚
1122 2573 1359 2638 corripiens
1381 2594 1451 2623 eos

132 2659 141 2682 ¹
161 2660 248 2692 Alias
266 2660 306 2692 de
326 2659 466 2693 Diversis
489 2672 519 2693 x.
532 2659 605 2684 -2
619 2663 691 2693 Act.
710 2672 740 2701 v,
761 2666 791 2697 4,

205 2727 352 2760 exxw.
1268 2719 1321 2764 16
