1866 3241
153 259 298 294 sEnMo
331 258 494 302 cmm,
528 259 585 292 DE
620 260 781 294 VERBIS
816 261 969 296 APosT.
1012 262 1120 299 ROM.
1156 261 1261 301 ¹v111.
1336 254 1430 308 :353

57 327 116 374 tio
154 344 248 373 mea
263 365 274 384 ,
314 337 364 373 ut
394 327 573 373 satietur
608 329 841 391 praesentia
877 346 986 377 mea.
1036 331 1211 379 Arridet
1240 336 1434 383 mundus

56 398 203 444 multis
225 398 380 455 rebus,
415 397 640 461 pulchris,
667 398 878 454 fortibus,
901 399 1032 445 variis
1064 418 1076 445 ι
1103 402 1335 464 pulchrior
1370 417 1434 452 cst

56 468 128 516 ille
157 468 234 532 qui
256 468 376 525 fecit,
397 468 550 514 fortior
581 479 624 514 et
646 468 802 516 clarior
823 469 895 515 ille
915 470 992 533 qui
1012 469 1132 528 fecit,
1160 475 1333 521 suavior
1359 477 1432 522 ille

56 550 119 586 est
136 539 213 602 qui
226 538 342 585 fecit.
366 538 623 596 «satiabor,
638 556 741 587 cum
752 540 1101 586 manifestabitur
1118 541 1251 602 gloria
1270 546 1392 594 tua1.
1411 567 1433 588 2)

59 609 184 656 Fides
208 626 307 669 ergo
331 626 430 673 quae
452 627 530 673 per
556 609 834 656 dilectionem
854 621 1064 674 operatur
1080 611 1116 657 si
1134 623 1196 658 est
1221 613 1268 659 in
1290 616 1434 673 vobis,

54 684 145 741 jam
172 681 398 744 pertinetis
428 679 483 725 ad
511 680 870 743 praedestinatos,
902 692 1101 739 vocatOS,
1130 683 1392 742 Justificatos
1424 704 1436 730 :

59 767 159 811 ergo
183 760 347 796 crescat
373 750 420 796 in
447 750 590 797 vobis.
624 750 748 796 Fides
772 751 889 796 enim
915 768 1016 813 quae
1054 768 1133 815 per
1164 752 1442 801 dilectionem

59 831 287 885 operatur,
317 821 409 865 sine
439 837 515 883 spe
536 837 622 865 esse
644 837 733 865 non
759 832 915 884 potest.
957 820 1072 866 Cum
1096 832 1241 868 autem
1266 825 1440 871 veneri-

59 908 172 948 mus,
193 894 286 950 jam
307 890 390 935 erit
405 890 470 935 ibi
492 890 629 936 fides?
654 890 838 936 Dicetur
864 890 1016 936 nobis:
1040 890 1208 939 Crede?
1234 894 1334 940 Non
1350 895 1443 942 uti-

61 978 159 1026 que.
189 959 446 1007 Videbimus
470 977 587 1016 eum,
622 960 1023 1024 contemplabimur
1045 977 1158 1009 eum.
1188 983 1210 1005 «
1233 963 1442 1011 Dilectis-

61 1054 83 1076 ›>
94 1031 207 1087 simi,
219 1030 299 1077 filii
313 1031 394 1076 Dei
404 1047 570 1087 sumus,
582 1041 625 1076 et
639 1030 837 1076 nondum
852 1031 1059 1095 apparuit
1073 1032 1193 1095 quod
1208 1034 1402 1083 erimus2.
1421 1056 1443 1078 >2

63 1101 178 1159 Quia
216 1100 413 1147 nondum
445 1101 678 1164 apparuit,
718 1100 816 1147 ideo
849 1101 970 1148 fides,
1020 1102 1119 1148 Filii
1154 1104 1236 1150 Dei
1267 1122 1438 1163 sumus,

61 1171 377 1237 praedestinati,
396 1171 557 1228 vocati,
577 1171 806 1231 justificati
829 1189 839 1217 z
863 1172 961 1218 Filii
985 1172 1066 1219 Dei
1089 1191 1254 1233 sumus,
1277 1186 1319 1221 et
1336 1194 1446 1222 non-

63 1243 205 1290 »dum
225 1242 431 1306 apparuit
443 1241 563 1304 quod
581 1242 753 1288 erimus.
773 1243 939 1288 »Modo
957 1260 1056 1304 ergo
1074 1244 1198 1303 fides,
1211 1257 1445 1311 antequam

64 1323 274 1378 appareat
294 1311 414 1375 quod
435 1311 608 1359 erimus.
647 1333 667 1353 «
693 1312 864 1358 Scimus
894 1313 1015 1376 quod
1039 1331 1141 1360 cum
1164 1317 1442 1379 apparuerit,

65 1406 87 1427 >)
113 1382 271 1430 similes
301 1381 340 1427 ei
371 1381 542 1427 erimus.
581 1402 603 1423 >2
639 1382 868 1445 Numquid
906 1383 1010 1446 quia
1049 1385 1298 1433 credimus?
1324 1387 1438 1435 Non.

67 1456 211 1513 Quare
225 1469 324 1512 ergo
336 1455 355 1497 Ρ
369 1473 390 1493 <c
404 1451 626 1508 Quoniam
645 1452 891 1499 videbimus
912 1470 1011 1498 eum
1026 1454 1154 1500 sicuti
1168 1468 1243 1504 est.
1262 1478 1284 1500 ))

129 1524 255 1572 Vlll.
280 1521 401 1578 Quid
424 1524 549 1584 spesi)
569 1521 649 1567 erit
668 1522 766 1568 ibi?
800 1522 907 1586 Spes
923 1527 1017 1582 jam
1042 1541 1131 1570 non
1149 1527 1246 1583 erit,
1269 1528 1446 1590 quando

67 1596 148 1642 erit
176 1611 256 1641 res,
288 1591 464 1638 Etenim
486 1591 582 1655 ipsa
610 1608 706 1655 spes
731 1593 1070 1655 peregrinationi
1097 1598 1334 1643 necessaria
1356 1609 1444 1655 est,

8 1700 9 1715 ¹
65 1667 160 1730 ipsa
178 1674 241 1710 est
263 1679 365 1726 quae
391 1661 640 1707 consolatur
666 1661 713 1706 in
734 1662 819 1708 via.
851 1662 1002 1708 Viator
1030 1664 1145 1710 enim
1169 1667 1345 1729 quando
1378 1667 1448 1714 la-

67 1737 195 1782 borat
218 1731 510 1789 ambulandO,
537 1731 635 1777 ideo
664 1731 862 1778 laborem
883 1732 1064 1790 tolerat,
1093 1736 1198 1798 quia
1224 1738 1450 1800 pervenire

68 1815 227 1870 sperat.
255 1802 377 1848 Tolle
399 1802 465 1848 illi
487 1819 609 1865 spem
633 1802 940 1865 perveniendi,
961 1804 1171 1850 continuo
1189 1806 1451 1868 franguntur

68 1877 178 1925 vires
199 1872 470 1921 ambulandi.
501 1873 616 1932 Ergo
636 1883 678 1917 et
697 1890 794 1935 spes
823 1890 922 1937 quae
945 1873 1021 1919 1110
1044 1886 1128 1932 est,
1157 1876 1213 1922 ad
1234 1879 1450 1937 justitiam

68 1945 258 2010 pertinet
284 1941 644 2007 peregrinationis
664 1953 838 1989 nostrae.
866 1944 1019 2006 Ipsum
1039 1944 1300 2008 Apostolum
1317 1948 1446 1995 audi:

71 2036 94 2058 «
117 2014 429 2078 Adoptionem,
455 2011 618 2073 inquit,
641 2022 932 2074 expectantes,
962 2013 1009 2058 in
1030 2015 1353 2080 nobismetipsis
1377 2018 1452 2065 in-

72 2105 94 2128 »
115 2083 390 2145 gemiscimus
412 2080 561 2127 adhuc
576 2080 609 2127 3.
638 2102 658 2122 »
678 2081 767 2126 Ubi
786 2092 848 2126 est
861 2082 1062 2141 gemitus,
1089 2086 1184 2142 jam
1202 2103 1291 2132 non
1308 2099 1452 2150 potest

73 2154 161 2202 dici
177 2153 252 2202 illa
270 2152 470 2208 felicitaS,
491 2150 544 2196 de
562 2167 650 2214 qua
670 2150 900 2215 Scriptura
913 2152 1022 2198 dicit
1041 2171 1053 2198 ε
1077 2175 1098 2196 (ι
1119 2156 1310 2202 Transiit
1326 2157 1454 2205 labor

73 2245 96 2268 2>
123 2236 166 2271 et
197 2222 379 2284 gemitus
396 2221 430 2268 4.
482 2222 596 2281 Ergo
635 2221 782 2268 adhuc
799 2259 811 2279 ,
845 2223 1013 2286 inquit,
1051 2223 1099 2271 in
1130 2227 1456 2292 nobismetipsis

74 2315 97 2337 >)
119 2292 463 2355 ingemiscimus,
497 2290 779 2355 adoptionem
814 2303 1087 2356 expectantes
1113 2296 1456 2361 redemptionem

77 2384 99 2407 »
122 2362 316 2428 corporis
339 2361 488 2407 nostri.
516 2381 537 2402 >³
566 2361 727 2408 Adhuc
748 2362 1083 2423 ingemiscimus.
1115 2365 1292 2422 Quare?
1318 2389 1339 2410 «
1367 2369 1455 2433 Spe

78 2455 100 2478 ›>
121 2434 236 2481 enim
261 2431 365 2479 salvi
397 2431 502 2478 facti
525 2448 687 2479 sumus.
720 2432 827 2497 Spes
856 2444 1000 2480 autem
1025 2451 1124 2498 quae
1147 2436 1345 2497 videtur,
1367 2456 1458 2486 non

124 2533 136 2555 ¹
154 2532 236 2565 Psal.
249 2542 321 2573 τινι,
344 2531 396 2564 15.
410 2546 456 2554 -—
470 2528 486 2553 2
507 2541 519 2562 x
534 2533 632 2565 Joan.
653 2541 707 2572 111,
728 2541 760 2564 2.
773 2549 818 2557 -—
837 2528 852 2555 3
871 2535 965 2566 Rom.
983 2543 1061 2577 vm,
1083 2535 1141 2570 23.
1155 2551 1200 2558 —
1218 2532 1234 2559 4
1257 2536 1331 2569 Isai.
1352 2548 1459 2583 xxxv,

85 2596 140 2630 ιο,
153 2590 185 2617 et
197 2596 246 2628 m,
265 2595 278 2614 1
291 2595 318 2615 1.

211 2651 361 2683 cxxv1.
1273 2641 1332 2686 23
