1866 3241
18 249 19 272 χ
171 223 315 255 snmio
351 221 478 261 cmx,
518 221 572 251 DE
608 220 769 251 vnnssis
805 220 955 251 Aposr.
999 222 1104 254 ROM.
1146 224 1245 255 vm.
1324 209 1410 256 361

16 281 19 329 ι’
42 297 213 334 »tatem
239 286 380 333 carnis
400 296 567 332 vestrae.
591 308 611 327 »
635 286 735 331 Sine
755 285 893 331 dubio
917 289 1113 349 pepercit
1132 289 1379 337 infirmitati
1400 309 1411 336 :

39 367 81 404 et
102 357 245 403 nescio
263 356 369 420 quid
386 356 548 416 gratius
567 356 708 402 minus
724 356 889 401 idoneis
907 355 1047 402 dicere
1064 361 1258 407 tentavit.

101 428 201 474 VII.
242 430 381 483 Eece,
418 426 585 490 inquit,
624 427 709 472 hoc
742 426 841 472 dico
874 426 993 489 quod
1024 444 1178 491 capere
1207 430 1414 493 potestis:

37 497 305 544 Exhibuistis
335 496 531 542 membra
554 507 693 543 vestra
721 496 885 542 deliciis
913 496 1105 555 illicitis,
1136 511 1419 562 peccatorum

35 568 244 615 suavitate
269 567 392 613 ducti
417 568 532 624 estis,
559 578 608 613 ut
625 567 700 614 illa
721 567 944 622 faceretis;
970 567 1104 614 ducat
1122 586 1198 615 vos
1220 570 1276 616 ad
1299 583 1417 618 recta

32 638 147 685 facta
165 637 353 685 suavitas
375 649 418 683 et
441 637 626 684 dulcedo
641 638 824 698 justitiae
847 655 858 683 :
880 649 1020 684 amate
1041 640 1276 698 justitiam,
1300 658 1416 704 quo-

31 708 162 755 modo
191 707 344 754 amatis
365 708 652 771 iniquitatem.
678 709 819 768 Digna
837 719 899 754 est
910 709 1076 768 justitia
1092 747 1104 766 ,
1124 727 1223 773 quae
1244 728 1267 756 a
1285 711 1412 757 vobis

30 779 233 842 impetret
263 789 312 824 ut
341 779 579 824 exhibeatis
603 780 685 836 illi.
721 780 840 843 quod
868 779 1124 826 exhibuistis
1152 781 1376 844 iniquitati
1400 800 1410 827 :

30 848 116 895 boc
135 860 215 906 θεῖ,
238 848 492 894 Humanum
515 849 634 906 dico,
658 850 745 895 hoc
772 861 850 907 est,
874 850 994 912 quod
1017 850 1247 896 infirmitas
1273 862 1413 897 vestra

31 919 209 965 tolerare
237 919 383 965 adhuc
413 930 570 982 potest.
605 920 725 976 Quid
758 937 857 980 crgo
887 920 1113 983 suspendit
1148 921 1411 984 Apostolus?

28 989 135 1053 quid
152 989 320 1034 distulit
338 988 509 1035 diceret>
531 989 652 1045 Quid
669 989 855 1045 distulit,
878 988 1041 1046 dicam,
1064 990 1098 1034 si
1115 1001 1281 1053 potero.
1308 992 1343 1036 A
1347 1010 1407 1054 p-

25 1059 167 1122 pende
185 1059 401 1119 justitiam
417 1070 460 1104 et
474 1059 750 1122 iniquitatem
766 1077 776 1103 :
796 1070 1041 1105 tantum-ne
1055 1059 1185 1120 digna
1197 1071 1259 1106 θεῖ
1274 1061 1408 1120 justi-

26 1129 107 1186 tia,
136 1140 352 1193 quantum
380 1128 511 1189 digna
533 1129 619 1174 fuit
642 1129 880 1192 iniquitas.D
912 1129 983 1174 Sic
1009 1129 1196 1175 amanda
1223 1141 1286 1175 est
1307 1130 1405 1187 ista,

24 1200 245 1262 quomodo
278 1210 419 1245 amata
439 1210 501 1244 est
523 1199 626 1244 illa?
655 1199 783 1244 Absit
805 1210 854 1244 ut
879 1199 958 1255 sic,
982 1199 1057 1244 sed
1080 1211 1123 1245 θῖ
1153 1200 1321 1245 utinam
1341 1200 1409 1247 vel

22 1269 96 1316 sic.
125 1271 240 1330 Ergo
258 1269 384 1333 plus?
410 1269 514 1314 Plus
533 1269 724 1315 omnino.
757 1270 808 1315 In
831 1269 1061 1332 iniquitate
1079 1280 1249 1315 secutus
1262 1287 1304 1315 es
1324 1287 1406 1316 vo-

3 1338 237 1402 !luptatem
254 1376 266 1396 ‚
297 1356 379 1402 pro
397 1339 567 1398 justitia
591 1338 725 1384 tolera
751 1338 958 1385 dolorem.
990 1340 1043 1384 In
1066 1340 1278 1398 injustitia
1293 1377 1304 1395 ‚
1330 1340 1404 1385 in-

21 1425 171 1471 quam,
192 1419 363 1454 secutus
385 1425 427 1453 es
452 1408 800 1465 delectationem,
821 1426 902 1472 pro
920 1409 1090 1468 justitia
1114 1409 1249 1455 tolera
1275 1410 1403 1456 dolo—

19 1495 109 1524 rem
131 1496 142 1523 2
163 1478 251 1524 hoc
278 1489 341 1523 est
362 1477 476 1541 plus,
508 1479 622 1523 Ecce
650 1479 794 1524 nescio
822 1479 920 1541 quis
947 1479 1087 1524 aetatis
1113 1480 1300 1525 lubricae
1323 1480 1403 1525 im-

17 1549 205 1613 pudicus
236 1548 499 1604 adolescens,
537 1549 746 1595 suavitate
773 1549 980 1595 illiciente
1004 1550 1154 1610 injecit
1186 1551 1334 1597 oculos
1354 1551 1401 1597 in

18 1619 246 1679 conjugem
263 1619 465 1675 alienam,
483 1620 661 1674 amavit,
676 1620 802 1683 cupit
816 1620 1040 1683 pervenire
1053 1640 1064 1673 ;
1085 1620 1243 1683 quaerit
1256 1631 1404 1666 tamen

0 1685 143 1745 {latere
158 1707 168 1734 :
181 1690 241 1735 sic
257 1690 373 1735 enim
389 1700 504 1735 amat
523 1689 812 1753 voluptatem,
832 1701 879 1735 ut
899 1690 1000 1753 plus
1016 1691 1168 1736 timeat
1185 1691 1393 1738 dolorem.

16 1759 162 1815 Quare
181 1760 341 1823 quaerit
361 1760 520 1805 latere?
547 1760 691 1805 Timet
714 1761 1010 1824 apprehendi,
1043 1761 1187 1821 ligari,
1216 1761 1396 1818 adduci,

12 1828 197 1887 includi,
224 1830 427 1894 produci,
458 1830 669 1892 torqueri,
698 1830 854 1877 occidi.
881 1831 991 1876 Haec
1009 1831 1156 1876 omnia
1180 1831 1393 1889 timendo,

11 1898 56 1944 in
82 1899 157 1945 illa
184 1900 452 1963 appetitione
483 1900 704 1946 suavitatis
729 1917 815 1946 suae
839 1900 1028 1946 latebras
1055 1901 1213 1964 quaerit
1233 1919 1243 1946 z
1267 1918 1400 1947 aucu-

9 1980 142 2032 patur
158 1970 397 2015 absentiam
417 1970 580 2026 mariti,
597 1970 742 2032 ipsum
761 1971 1007 2029 adjutorem
1027 1971 1179 2031 flagitii
1193 1972 1258 2017 sui
1275 1972 1400 2018 timet

9 2039 216 2098 invenire,
239 2040 341 2104 quia
360 2041 533 2085 conscio
560 2057 601 2085 se
622 2040 830 2086 formidat
848 2042 1090 2105 implicare.
1124 2043 1181 2088 Et
1205 2043 1396 2089 vidimus

8 2126 107 2156 eum
135 2111 345 2158 suavitate
373 2110 508 2156 duci:
530 2110 603 2155 sed
628 2111 818 2157 suavitas
850 2111 924 2156 illa
952 2129 1041 2157 non
1074 2123 1137 2157 est
1169 2123 1310 2169 tanta,
1344 2125 1393 2159 ut

7 2179 154 2226 vincat
175 2181 305 2226 etiam
326 2181 529 2225 timorem
548 2192 590 2226 et
611 2181 803 2227 dolorem
823 2181 1110 2245 timoremque
1134 2199 1385 2245 poenarum.

7 2249 73 2295 Da
103 2250 216 2295 mihi
237 2250 474 2313 pulchram
491 2251 725 2309 justitiam,
756 2251 813 2296 da
832 2252 943 2297 mihi
965 2252 1068 2298 fidei
1086 2253 1393 2316 pulchritudi-

6 2335 104 2365 nem
118 2320 352 2383 :procedat
364 2321 411 2366 in
424 2320 635 2377 medium,
656 2321 855 2367 ostendat
865 2338 906 2367 se
924 2322 1060 2367 oculis
1077 2322 1236 2378 cordis,
1256 2323 1392 2387 inspi-

6 2399 70 2435 ret
97 2390 308 2437 fervorem
337 2391 605 2437 amatoribus
636 2392 737 2439 suis.
770 2392 871 2438 Jam
900 2392 983 2438 tibi
1011 2393 1190 2450 dicitur,
1213 2393 1300 2440 frui
1320 2412 1391 2441 me

6 2459 97 2506 vis?
125 2460 364 2506 Contemne
388 2461 607 2525 quidquid
627 2472 668 2507 tc
686 2462 805 2508 aliud
828 2462 1032 2519 delectat,
1054 2474 1281 2510 contemne
1305 2482 1386 2528 pro

7 2545 88 2585 me.
113 2530 226 2577 Ecce
239 2531 555 2596 contempsisti,
570 2549 728 2598 parum
741 2544 803 2586 est
814 2532 877 2580 illi
895 2551 905 2578 ε
924 2533 1179 2583 Humanum
1197 2546 1260 2582 est
1277 2535 1382 2593 hoc,
