1866 3241
29 368 236 417 Inimicus
264 368 457 415 insidiari
487 385 574 413 non
613 366 744 413 audet
766 367 812 412 in
841 366 938 421 νίας
969 366 1072 429 quia
1101 366 1302 414 Christus
1338 378 1401 413 est

29 440 97 488 via
114 439 213 485 :sed
232 443 353 498 juxta
373 439 482 484 viam
502 438 630 502 plane
649 455 738 484 non
758 437 925 483 desinit.
955 436 1079 482 Unde
1096 447 1138 482 et
1157 437 1201 482 in
1227 436 1399 483 Psalmo

30 509 188 556 dicitur
222 527 233 554 ε
265 531 285 551 «
310 509 441 555 Juxta
483 507 652 554 semitas
691 505 895 554 seandala
924 517 1163 570 posuerunt
1199 506 1354 553 mihil.
1380 529 1400 549 >2

30 580 146 628 Dicit
174 590 217 626 et
245 578 327 625 alia
357 579 587 642 Scriptura
615 597 626 624 ι
653 599 674 620 «
700 579 917 623 Memento
944 577 1046 640 quia
1074 577 1119 623 in
1155 576 1299 623 medio
1332 577 1400 622 la-

29 672 52 696 »
73 667 282 717 queorum
317 649 550 710 ingrederis
567 650 601 696 2.
631 671 650 691 »
671 648 746 694 Isti
767 647 911 711 laquei
942 647 1055 694 inter
1078 664 1186 711 quos
1215 646 1402 708 ingredi-

26 738 142 780 mur,
168 739 254 768 non
276 733 376 767 sunt
397 721 442 767 in
467 721 535 767 via
560 738 570 765 t
594 719 666 766 sed
688 731 827 765 tamen
853 729 953 764 sunt
970 723 1091 779 juxta
1113 719 1242 766 viam.
1277 718 1397 775 Quid

26 792 249 849 formidas,
272 792 379 856 quid
406 791 579 847 metuis,
604 791 639 836 si
668 791 712 836 in
731 791 799 837 via
821 789 1050 836 ambulas)
1071 791 1197 836 Tune
1221 789 1341 845 time,
1368 788 1403 834 si

27 863 184 910 deseris
206 862 335 910 viam.
376 864 488 908 ¹Nam
514 862 611 908 ideo
633 861 763 908 etiam
790 861 1057 925 permittitur
1088 861 1292 907 inimicus
1324 877 1403 924 po-

25 951 127 981 nere
140 937 260 994 J'uxta
279 933 395 980 viam
412 933 604 996 laqueos,
622 950 675 980 ne
689 931 917 978 securitate
941 931 1211 978 exultationis
1230 930 1300 979 via
1321 930 1401 977 de-

27 1015 207 1062 seratur,
230 1016 272 1051 et
292 1005 338 1051 in
355 1003 529 1051 insidias
550 1004 783 1051 incidatur.

92 1077 151 1123 ΙΙ.
194 1076 273 1122 Via
302 1075 504 1121 Christus
537 1074 746 1121 humilis:
770 1074 970 1120 Christus
1011 1074 1167 1121 veritas
1203 1084 1245 1119 et
1284 1073 1399 1131 rita,

29 1146 230 1193 Christus
247 1145 432 1192 excelsus
446 1156 489 1191 et
511 1147 641 1192 Deus.
675 1145 719 1190 Si
744 1144 940 1191 ambules
960 1145 1004 1190 in
1029 1145 1187 1191 humili
1207 1182 1217 1201 ,
1243 1161 1401 1209 perve—

26 1217 116 1264 nics
151 1217 205 1264 ad
229 1216 456 1264 excelsum.
488 1217 534 1263 Si
559 1217 755 1263 infirmus
785 1215 998 1262 humilem
1023 1233 1109 1262 non
1142 1216 1401 1280 asperneris,

27 1286 73 1334 in
94 1287 256 1334 excelso
280 1287 538 1334 fortissimus
570 1287 858 1352 permanebis.
894 1287 1008 1344 Quat
1024 1287 1139 1332 enim
1160 1303 1288 1333 causa
1311 1287 1403 1332 hu·-

27 1356 220 1404 militatis
238 1358 403 1403 Christi
420 1395 430 1414 ‚
453 1358 535 1404 nisi
561 1358 788 1404 infirmitas
813 1360 919 1404 tua?
941 1356 1076 1403 Valde
1094 1358 1209 1403 enim
1229 1367 1269 1402 et
1293 1357 1403 1403 irre-

27 1426 317 1474 mediabiliter
340 1439 379 1474 te
403 1427 634 1474 obsidebat
663 1428 892 1474 infirmitas
923 1438 995 1472 tua
1022 1438 1064 1473 et
1091 1427 1190 1473 haee
1212 1444 1277 1472 res
1303 1425 1405 1473 feeit

30 1508 80 1544 ut
100 1498 261 1545 veniret
282 1499 337 1545 ad
364 1509 403 1545 te
424 1509 570 1545 tantus
588 1499 796 1546 medicus,
825 1499 870 1544 Si
892 1499 1007 1544 enim
1035 1497 1099 1544 vel
1130 1498 1190 1543 sic
1216 1508 1405 1559 aegrota-

29 1586 118 1626 res,
145 1579 193 1615 ut
216 1580 263 1616 tu
287 1587 430 1634 posses
450 1572 510 1616 ire
531 1571 585 1617 ad
606 1571 851 1627 medicum,
881 1579 1053 1632 poterat
1073 1569 1308 1615 tolerabilis
1334 1570 1405 1614 vi-

28 1639 120 1686 deri
136 1641 228 1705 ipsa
251 1641 495 1688 infirmitas.
527 1641 609 1687 Sed
632 1641 734 1704 quia
758 1651 807 1685 tu
830 1640 890 1685 ire
914 1657 1002 1685 non
1020 1637 1199 1702 potuisti
1215 1638 1271 1684 ad
1285 1654 1404 1696 eum,

29 1709 99 1757 ille
121 1711 238 1758 venit
268 1711 323 1758 ad
352 1723 406 1759 te.
441 1711 569 1758 Venit
593 1711 752 1757 docens
780 1710 1102 1767 humilitatem,
1139 1727 1226 1773 qua
1252 1709 1407 1756 redea-

30 1797 124 1828 mus
145 1799 155 1827 :
182 1782 284 1846 quia
313 1783 516 1846 superbia
539 1799 616 1828 nos
640 1783 778 1828 redire
805 1799 893 1828 non
912 1782 1080 1828 sinebat
1098 1781 1153 1827 ad
1171 1780 1335 1836 vitam3
1366 1791 1408 1827 et

14 1851 121 1916 {ipsa
149 1852 307 1899 fecerat
329 1871 405 1899 nos
431 1872 454 1900 a
480 1853 569 1900 vita
596 1853 807 1900 recedere.
844 1852 1091 1899 Exaltatum
1116 1852 1232 1899 enim
1251 1852 1407 1898 huma-

16 1913 134 1983 }num
168 1940 242 1969 cor
273 1923 474 1970 adversus
504 1924 645 1970 Deum
663 1961 673 1979 ‚
707 1933 749 1969 et
779 1923 995 1983 negligens
1024 1923 1069 1968 in
1109 1923 1201 1986 ipsa
1226 1923 1410 1967 sanitate

16 1986 249 2057 'praecepta
271 1992 475 2039 salutaria
492 2030 503 2051 ,
532 1992 703 2040 decedit
732 1993 875 2038 anima
901 1993 947 2038 in
970 1992 1269 2038 infirmitatem
1290 2008 1301 2036 ε
1324 1990 1410 2036 dis-

30 2073 99 2109 cat
122 2062 269 2109 audire
288 2063 461 2110 infirma
482 2081 611 2128 quem
630 2063 892 2127 contempsit
907 2062 1042 2110 fortis,
1071 2062 1234 2109 Audiat
1246 2072 1294 2107 ut
1318 2077 1409 2107 sur-

30 2143 123 2193 gat,
162 2151 292 2197 quern
330 2136 493 2197 sprevit
524 2147 573 2181 ut
604 2136 790 2182 caderet.
834 2133 997 2179 Audiat
1030 2133 1206 2179 tandem
1240 2133 1410 2196 expeti-³

32 2214 173 2250 mento
203 2203 380 2261 edocta,
419 2206 541 2267 quod
575 2216 799 2267 praecepto
830 2204 969 2250 noluit
1006 2204 1217 2250 obtinere.
1250 2203 1412 2249 Docuit

32 2275 144 2321 enim
172 2292 265 2321 eam
289 2275 457 2321 miseria
486 2292 561 2320 sua
582 2313 592 2331 ‚
634 2273 742 2338 quid
776 2276 879 2319 mali
911 2275 963 2318 sit
997 2294 1016 2317 a
1049 2275 1238 2320 Domino
1273 2274 1412 2320 forni—

33 2345 133 2393 cari.
156 2346 371 2392 Recedere
388 2346 502 2391 enim
521 2345 576 2391 ab
598 2344 672 2390 illo
698 2343 885 2407 simplici
905 2353 945 2388 et
971 2342 1177 2402 singulari
1193 2343 1311 2388 bono
1330 2380 1341 2399 ‚
1368 2345 1414 2388 in

33 2413 155 2463 istam
174 2416 501 2463 multitudinem
524 2415 828 2480 voluptatum5
851 2414 897 2460 in
932 2431 1124 2460 amorem
1149 2413 1297 2460 saeculi
1320 2429 1414 2460 cor-

35 2487 365 2553 ruptionemque
391 2498 621 2544 terrenam,
644 2486 852 2533 fornicari
865 2496 926 2532 est
945 2504 968 2532 a
993 2486 1196 2532 Domino,
1230 2487 1287 2531 Et
1310 2502 1417 2550 quo-

17 2555 135 2643 !dam
159 2558 288 2606 modo
322 2559 607 2606 fornicantem
634 2556 847 2604 allocutus
870 2567 958 2615 est,
985 2567 1034 2603 ut
1054 2555 1211 2605 rediret
1231 2573 1242 2602 τ
1264 2556 1418 2622 saepis*-

126 302 269 335 SERMO
307 302 442 343 exul,
480 301 536 333 DE
574 300 732 332 VERBIS
766 299 929 331 EVANG.
971 299 1100 331 JOAN.
1143 302 1231 333 Mt.
1309 301 1398 347 207

18 2647 20 2704 l
90 2649 196 2684 ¹1’sat.
216 2661 254 2682 cx
269 2661 363 2694 xxix,
379 2651 412 2685 ὓ.
428 2667 473 2675 0-
490 2648 506 2672 2
521 2648 684 2689 Eccti‚1x‚
700 2659 754 2683 20,
