<?xml version="1.0" encoding="UTF-8"?>
<!DOCTYPE html PUBLIC "-//W3C//DTD XHTML 1.0 Transitional//EN"
    "http://www.w3.org/TR/xhtml1/DTD/xhtml1-transitional.dtd">
<html xmlns="http://www.w3.org/1999/xhtml" xml:lang="en" lang="en">
 <head>
  <title>
</title>
<meta http-equiv="Content-Type" content="text/html;charset=utf-8" />
  <meta name='ocr-system' content='tesseract 3.04.00' />
  <meta name='ocr-capabilities' content='ocr_page ocr_carea ocr_par ocr_line ocrx_word'/>
</head>
<body>
  <div class='ocr_page' id='page_1' title='image "./operaomniaaccura19auguuoft_0338.png"; bbox 0 0 1866 3241; ppageno 0'>
   <div class='ocr_carea' id='block_1_1' title="bbox 388 256 1365 310">
    <p class='ocr_par' dir='ltr' id='par_1_1' title="bbox 388 256 1365 310">
     <span class='ocr_line' id='line_1_1' title="bbox 388 256 1365 310; baseline 0.007 -9"><span class='ocrx_word' id='word_1_1' title='bbox 388 256 482 302; x_wconf 81' lang='lat'>328</span> <span class='ocrx_word' id='word_1_2' title='bbox 806 280 842 309; x_wconf 89' lang='lat' dir='ltr'>s.</span> <span class='ocrx_word' id='word_1_3' title='bbox 885 277 1127 310; x_wconf 73' lang='lat' dir='ltr'>Aueusrml</span> <span class='ocrx_word' id='word_1_4' title='bbox 1162 277 1365 308; x_wconf 69' lang='lat'>13121500121</span> 
     </span>
    </p>
   </div>
   <div class='ocr_carea' id='block_1_2' title="bbox 382 335 1809 1730">
    <p class='ocr_par' dir='ltr' id='par_1_2' title="bbox 382 335 1809 1730">
     <span class='ocr_line' id='line_1_2' title="bbox 384 335 1809 405; baseline 0.007 -25"><span class='ocrx_word' id='word_1_5' title='bbox 384 335 607 386; x_wconf 86' lang='lat' dir='ltr'>factorem.</span> <span class='ocrx_word' id='word_1_6' title='bbox 637 339 798 388; x_wconf 84' lang='lat' dir='ltr'>Idonea</span> <span class='ocrx_word' id='word_1_7' title='bbox 818 343 902 389; x_wconf 87' lang='lat' dir='ltr'>fuit</span> <span class='ocrx_word' id='word_1_8' title='bbox 926 344 1118 389; x_wconf 89' lang='lat' dir='ltr'>humana</span> <span class='ocrx_word' id='word_1_9' title='bbox 1146 351 1298 387; x_wconf 85' lang='lat' dir='ltr'>natura</span> <span class='ocrx_word' id='word_1_10' title='bbox 1321 359 1399 405; x_wconf 87' lang='lat' dir='ltr'>per</span> <span class='ocrx_word' id='word_1_11' title='bbox 1420 342 1608 388; x_wconf 88' lang='lat' dir='ltr'>liberum</span> <span class='ocrx_word' id='word_1_12' title='bbox 1631 344 1754 390; x_wconf 86' lang='lat' dir='ltr'>arbi-</span> <span class='ocrx_word' id='word_1_13' title='bbox 1807 350 1809 400; x_wconf 72' lang='grc' dir='ltr'>ἶ</span> 
     </span>
     <span class='ocr_line' id='line_1_3' title="bbox 385 406 1809 472; baseline 0.004 -21"><span class='ocrx_word' id='word_1_14' title='bbox 385 406 517 452; x_wconf 82' lang='lat' dir='ltr'>trium</span> <span class='ocrx_word' id='word_1_15' title='bbox 530 408 752 457; x_wconf 87' lang='lat' dir='ltr'>vulnerare</span> <span class='ocrx_word' id='word_1_16' title='bbox 766 430 807 458; x_wconf 90' lang='lat' dir='ltr'>se</span> <span class='ocrx_word' id='word_1_17' title='bbox 820 433 831 467; x_wconf 67' lang='grc' dir='ltr'><strong>ς</strong></span> <span class='ocrx_word' id='word_1_18' title='bbox 848 413 918 458; x_wconf 83' lang='lat' dir='ltr'>sed</span> <span class='ocrx_word' id='word_1_19' title='bbox 928 417 1018 472; x_wconf 88' lang='lat' dir='ltr'>jam</span> <span class='ocrx_word' id='word_1_20' title='bbox 1035 411 1256 457; x_wconf 83' lang='lat' dir='ltr'>vulnerata</span> <span class='ocrx_word' id='word_1_21' title='bbox 1272 421 1314 455; x_wconf 87' lang='lat' dir='ltr'>et</span> <span class='ocrx_word' id='word_1_22' title='bbox 1328 412 1471 456; x_wconf 87' lang='lat' dir='ltr'>saucia</span> <span class='ocrx_word' id='word_1_23' title='bbox 1486 429 1574 457; x_wconf 88' lang='lat' dir='ltr'>non</span> <span class='ocrx_word' id='word_1_24' title='bbox 1587 423 1650 457; x_wconf 89' lang='lat' dir='ltr'>est</span> <span class='ocrx_word' id='word_1_25' title='bbox 1663 413 1755 458; x_wconf 89' lang='lat' dir='ltr'>ido-</span> <span class='ocrx_word' id='word_1_26' title='bbox 1806 434 1809 456; x_wconf 56' lang='grc' dir='ltr'><em>ε</em></span> 
     </span>
     <span class='ocr_line' id='line_1_4' title="bbox 385 477 1809 540; baseline 0.005 -19"><span class='ocrx_word' id='word_1_27' title='bbox 385 493 463 522; x_wconf 88' lang='lat' dir='ltr'>nea</span> <span class='ocrx_word' id='word_1_28' title='bbox 473 477 742 540; x_wconf 83' lang='lat' dir='ltr'>perliberum</span> <span class='ocrx_word' id='word_1_29' title='bbox 757 483 983 527; x_wconf 77' lang='lat' dir='ltr'>arbitrium</span> <span class='ocrx_word' id='word_1_30' title='bbox 996 498 1143 526; x_wconf 83' lang='lat' dir='ltr'>sanare</span> <span class='ocrx_word' id='word_1_31' title='bbox 1152 497 1207 526; x_wconf 85' lang='lat' dir='ltr'>se.</span> <span class='ocrx_word' id='word_1_32' title='bbox 1228 480 1271 525; x_wconf 76' lang='lat' dir='ltr'>Si</span> <span class='ocrx_word' id='word_1_33' title='bbox 1283 480 1755 528; x_wconf 85' lang='lat' dir='ltr'>enimvoluerisintem-</span> <span class='ocrx_word' id='word_1_34' title='bbox 1806 501 1809 538; x_wconf 69' lang='grc' dir='ltr'><strong>ς</strong></span> 
     </span>
     <span class='ocr_line' id='line_1_5' title="bbox 383 549 1751 616; baseline 0.004 -24"><span class='ocrx_word' id='word_1_35' title='bbox 383 558 584 611; x_wconf 84' lang='lat' dir='ltr'>peranter</span> <span class='ocrx_word' id='word_1_36' title='bbox 596 549 736 596; x_wconf 83' lang='lat' dir='ltr'>vivere</span> <span class='ocrx_word' id='word_1_37' title='bbox 753 564 801 597; x_wconf 89' lang='lat' dir='ltr'>ut</span> <span class='ocrx_word' id='word_1_38' title='bbox 818 563 1012 613; x_wconf 76' lang='lat' dir='ltr'>aegrotes,</span> <span class='ocrx_word' id='word_1_39' title='bbox 1031 551 1184 597; x_wconf 88' lang='lat' dir='ltr'>adhoc</span> <span class='ocrx_word' id='word_1_40' title='bbox 1205 551 1425 596; x_wconf 81' lang='lat' dir='ltr'>medicum</span> <span class='ocrx_word' id='word_1_41' title='bbox 1439 570 1526 598; x_wconf 89' lang='lat' dir='ltr'>non</span> <span class='ocrx_word' id='word_1_42' title='bbox 1539 553 1720 616; x_wconf 84' lang='lat' dir='ltr'><strong>requiris</strong></span> <span class='ocrx_word' id='word_1_43' title='bbox 1741 570 1751 598; x_wconf 68' lang='grc' dir='ltr'><strong><em>ε</em></strong></span> 
     </span>
     <span class='ocr_line' id='line_1_6' title="bbox 383 617 1756 684; baseline 0.005 -22"><span class='ocrx_word' id='word_1_44' title='bbox 383 618 438 663; x_wconf 88' lang='lat' dir='ltr'>ad</span> <span class='ocrx_word' id='word_1_45' title='bbox 454 617 597 664; x_wconf 81' lang='lat' dir='ltr'>labem</span> <span class='ocrx_word' id='word_1_46' title='bbox 615 621 773 667; x_wconf 87' lang='lat' dir='ltr'>sufficis</span> <span class='ocrx_word' id='word_1_47' title='bbox 790 623 884 669; x_wconf 85' lang='lat' dir='ltr'>tibi.</span> <span class='ocrx_word' id='word_1_48' title='bbox 902 623 1015 668; x_wconf 86' lang='lat' dir='ltr'>Cum</span> <span class='ocrx_word' id='word_1_49' title='bbox 1028 632 1171 667; x_wconf 88' lang='lat' dir='ltr'>autem</span> <span class='ocrx_word' id='word_1_50' title='bbox 1185 622 1520 684; x_wconf 88' lang='lat' dir='ltr'>intemperanter</span> <span class='ocrx_word' id='word_1_51' title='bbox 1530 640 1656 683; x_wconf 85' lang='lat' dir='ltr'>agens</span> <span class='ocrx_word' id='word_1_52' title='bbox 1668 639 1756 668; x_wconf 91' lang='lat' dir='ltr'>coe·</span> 
     </span>
     <span class='ocr_line' id='line_1_7' title="bbox 384 687 1796 756; baseline 0.006 -25"><span class='ocrx_word' id='word_1_53' title='bbox 384 687 498 751; x_wconf 88' lang='lat' dir='ltr'>peris</span> <span class='ocrx_word' id='word_1_54' title='bbox 511 705 596 734; x_wconf 89' lang='lat' dir='ltr'>esse</span> <span class='ocrx_word' id='word_1_55' title='bbox 611 702 811 750; x_wconf 83' lang='lat' dir='ltr'>aegrotus,</span> <span class='ocrx_word' id='word_1_56' title='bbox 829 710 915 738; x_wconf 89' lang='lat' dir='ltr'>non</span> <span class='ocrx_word' id='word_1_57' title='bbox 931 693 990 738; x_wconf 89' lang='lat' dir='ltr'>sic</span> <span class='ocrx_word' id='word_1_58' title='bbox 1004 703 1125 756; x_wconf 87' lang='lat' dir='ltr'>potes</span> <span class='ocrx_word' id='word_1_59' title='bbox 1139 692 1194 737; x_wconf 84' lang='lat' dir='ltr'>ab</span> <span class='ocrx_word' id='word_1_60' title='bbox 1207 691 1463 751; x_wconf 66' lang='lat' dir='ltr'>aegritudine</span> <span class='ocrx_word' id='word_1_61' title='bbox 1484 692 1669 738; x_wconf 89' lang='lat' dir='ltr'>liberare</span> <span class='ocrx_word' id='word_1_62' title='bbox 1688 703 1729 738; x_wconf 88' lang='lat' dir='ltr'>te</span> <span class='ocrx_word' id='word_1_63' title='bbox 1741 730 1753 750; x_wconf 85' lang='lat'><strong><em>‚</em></strong></span> <span class='ocrx_word' id='word_1_64' title='bbox 1790 734 1796 739; x_wconf 92' lang='lat'>.</span> 
     </span>
     <span class='ocr_line' id='line_1_8' title="bbox 385 758 1758 826; baseline 0.005 -25"><span class='ocrx_word' id='word_1_65' title='bbox 385 758 605 821; x_wconf 88' lang='lat' dir='ltr'>quomodo</span> <span class='ocrx_word' id='word_1_66' title='bbox 622 762 802 822; x_wconf 88' lang='lat' dir='ltr'>potuisti</span> <span class='ocrx_word' id='word_1_67' title='bbox 826 780 904 826; x_wconf 83' lang='lat' dir='ltr'>per</span> <span class='ocrx_word' id='word_1_68' title='bbox 924 762 1302 826; x_wconf 76' lang='lat' dir='ltr'>intemperantiam</span> <span class='ocrx_word' id='word_1_69' title='bbox 1326 772 1366 806; x_wconf 87' lang='lat' dir='ltr'>te</span> <span class='ocrx_word' id='word_1_70' title='bbox 1388 762 1434 807; x_wconf 91' lang='lat' dir='ltr'>in</span> <span class='ocrx_word' id='word_1_71' title='bbox 1457 763 1758 822; x_wconf 60' lang='lat' dir='ltr'>{egritudinem</span> 
     </span>
     <span class='ocr_line' id='line_1_9' title="bbox 383 828 1808 896; baseline 0.004 -24"><span class='ocrx_word' id='word_1_72' title='bbox 383 828 674 891; x_wconf 69' lang='lat' dir='ltr'>praecipitare.</span> <span class='ocrx_word' id='word_1_73' title='bbox 691 832 746 876; x_wconf 84' lang='lat' dir='ltr'>Et</span> <span class='ocrx_word' id='word_1_74' title='bbox 759 843 903 878; x_wconf 87' lang='lat' dir='ltr'>tamen</span> <span class='ocrx_word' id='word_1_75' title='bbox 917 833 1112 878; x_wconf 88' lang='lat' dir='ltr'>medicus</span> <span class='ocrx_word' id='word_1_76' title='bbox 1126 833 1254 878; x_wconf 88' lang='lat' dir='ltr'>etiam</span> <span class='ocrx_word' id='word_1_77' title='bbox 1265 849 1367 878; x_wconf 86' lang='lat' dir='ltr'>sano</span> <span class='ocrx_word' id='word_1_78' title='bbox 1378 833 1584 896; x_wconf 71' lang='lat' dir='ltr'>praecipit</span> <span class='ocrx_word' id='word_1_79' title='bbox 1596 843 1757 895; x_wconf 85' lang='lat' dir='ltr'>tempe-</span> <span class='ocrx_word' id='word_1_80' title='bbox 1805 839 1808 867; x_wconf 64' lang='grc' dir='ltr'>ἰ</span> 
     </span>
     <span class='ocr_line' id='line_1_10' title="bbox 382 897 1758 957; baseline 0.005 -16"><span class='ocrx_word' id='word_1_81' title='bbox 382 897 581 944; x_wconf 87' lang='lat' dir='ltr'>rantiam.</span> <span class='ocrx_word' id='word_1_82' title='bbox 599 899 746 946; x_wconf 90' lang='lat' dir='ltr'>Bonus</span> <span class='ocrx_word' id='word_1_83' title='bbox 758 902 950 948; x_wconf 88' lang='lat' dir='ltr'>medicus</span> <span class='ocrx_word' id='word_1_84' title='bbox 968 903 1054 948; x_wconf 89' lang='grc'><strong>1100</strong></span> <span class='ocrx_word' id='word_1_85' title='bbox 1064 903 1186 957; x_wconf 69' lang='lat' dir='ltr'>facit,</span> <span class='ocrx_word' id='word_1_86' title='bbox 1198 920 1284 948; x_wconf 88' lang='lat' dir='ltr'>non</span> <span class='ocrx_word' id='word_1_87' title='bbox 1297 901 1392 948; x_wconf 79' lang='lat' dir='ltr'>vult</span> <span class='ocrx_word' id='word_1_88' title='bbox 1403 919 1489 947; x_wconf 87' lang='lat' dir='ltr'>esse</span> <span class='ocrx_word' id='word_1_89' title='bbox 1499 902 1758 948; x_wconf 86' lang='lat' dir='ltr'>necessarius</span> 
     </span>
     <span class='ocr_line' id='line_1_11' title="bbox 385 969 1759 1026; baseline 0.004 -14"><span class='ocrx_word' id='word_1_90' title='bbox 385 969 626 1026; x_wconf 79' lang='lat' dir='ltr'>aegrotanti.</span> <span class='ocrx_word' id='word_1_91' title='bbox 661 971 733 1016; x_wconf 83' lang='lat' dir='ltr'>Sic</span> <span class='ocrx_word' id='word_1_92' title='bbox 762 973 891 1018; x_wconf 90' lang='lat' dir='ltr'>etiam</span> <span class='ocrx_word' id='word_1_93' title='bbox 922 974 1133 1018; x_wconf 85' lang='lat' dir='ltr'>Dominus</span> <span class='ocrx_word' id='word_1_94' title='bbox 1157 973 1272 1017; x_wconf 82' lang='lat' dir='ltr'>Deus</span> <span class='ocrx_word' id='word_1_95' title='bbox 1301 983 1443 1017; x_wconf 86' lang='lat' dir='ltr'>creato</span> <span class='ocrx_word' id='word_1_96' title='bbox 1472 973 1641 1018; x_wconf 90' lang='lat' dir='ltr'>homini</span> <span class='ocrx_word' id='word_1_97' title='bbox 1670 973 1759 1017; x_wconf 88' lang='lat' dir='ltr'>sine</span> 
     </span>
     <span class='ocr_line' id='line_1_12' title="bbox 382 1036 1759 1105; baseline 0.002 -22"><span class='ocrx_word' id='word_1_98' title='bbox 382 1036 490 1083; x_wconf 90' lang='lat' dir='ltr'>vitio</span> <span class='ocrx_word' id='word_1_99' title='bbox 511 1041 842 1101; x_wconf 84' lang='lat' dir='ltr'>temperantiam</span> <span class='ocrx_word' id='word_1_100' title='bbox 864 1042 1104 1105; x_wconf 61' lang='lat' dir='ltr'>praecipere</span> <span class='ocrx_word' id='word_1_101' title='bbox 1132 1042 1334 1102; x_wconf 81' lang='lat' dir='ltr'>dignatus</span> <span class='ocrx_word' id='word_1_102' title='bbox 1358 1052 1421 1086; x_wconf 88' lang='lat' dir='ltr'>est</span> <span class='ocrx_word' id='word_1_103' title='bbox 1441 1059 1451 1086; x_wconf 91' lang='lat'><strong>:</strong></span> <span class='ocrx_word' id='word_1_104' title='bbox 1479 1059 1613 1104; x_wconf 87' lang='lat' dir='ltr'>quam</span> <span class='ocrx_word' id='word_1_105' title='bbox 1638 1042 1672 1087; x_wconf 88' lang='lat' dir='ltr'>si</span> <span class='ocrx_word' id='word_1_106' title='bbox 1690 1041 1759 1087; x_wconf 87' lang='lat' dir='ltr'>ille</span> 
     </span>
     <span class='ocr_line' id='line_1_13' title="bbox 389 1108 1753 1173; baseline 0.004 -23"><span class='ocrx_word' id='word_1_107' title='bbox 389 1117 593 1151; x_wconf 85' lang='lat' dir='ltr'>servasset</span> <span class='ocrx_word' id='word_1_108' title='bbox 610 1143 621 1163; x_wconf 60' lang='lat'><em>9</em></span> <span class='ocrx_word' id='word_1_109' title='bbox 645 1108 864 1155; x_wconf 86' lang='lat' dir='ltr'>medicum</span> <span class='ocrx_word' id='word_1_110' title='bbox 887 1121 1035 1173; x_wconf 83' lang='lat' dir='ltr'>postea</span> <span class='ocrx_word' id='word_1_111' title='bbox 1070 1111 1225 1155; x_wconf 87' lang='lat' dir='ltr'>morbo</span> <span class='ocrx_word' id='word_1_112' title='bbox 1257 1127 1332 1154; x_wconf 92' lang='lat' dir='ltr'>suo</span> <span class='ocrx_word' id='word_1_113' title='bbox 1362 1127 1450 1154; x_wconf 89' lang='lat' dir='ltr'>non</span> <span class='ocrx_word' id='word_1_114' title='bbox 1479 1110 1753 1157; x_wconf 82' lang='lat' dir='ltr'>desideraret.</span> 
     </span>
     <span class='ocr_line' id='line_1_14' title="bbox 390 1175 1760 1240; baseline 0.004 -20"><span class='ocrx_word' id='word_1_115' title='bbox 390 1175 476 1221; x_wconf 87' lang='lat' dir='ltr'>Sed</span> <span class='ocrx_word' id='word_1_116' title='bbox 494 1176 595 1239; x_wconf 86' lang='lat' dir='ltr'>quia</span> <span class='ocrx_word' id='word_1_117' title='bbox 613 1194 700 1223; x_wconf 90' lang='lat' dir='ltr'>non</span> <span class='ocrx_word' id='word_1_118' title='bbox 723 1180 933 1236; x_wconf 80' lang='lat' dir='ltr'>servavit,</span> <span class='ocrx_word' id='word_1_119' title='bbox 955 1180 1185 1240; x_wconf 81' lang='lat' dir='ltr'>languidus</span> <span class='ocrx_word' id='word_1_120' title='bbox 1207 1179 1347 1224; x_wconf 88' lang='lat' dir='ltr'>factus</span> <span class='ocrx_word' id='word_1_121' title='bbox 1370 1190 1456 1235; x_wconf 79' lang='lat' dir='ltr'>est,</span> <span class='ocrx_word' id='word_1_122' title='bbox 1485 1179 1661 1234; x_wconf 82' lang='lat' dir='ltr'>cecidit,</span> <span class='ocrx_word' id='word_1_123' title='bbox 1688 1180 1760 1225; x_wconf 87' lang='lat' dir='ltr'>in-</span> 
     </span>
     <span class='ocr_line' id='line_1_15' title="bbox 387 1247 1753 1308; baseline 0.004 -18"><span class='ocrx_word' id='word_1_124' title='bbox 387 1247 539 1291; x_wconf 89' lang='lat' dir='ltr'>firmus</span> <span class='ocrx_word' id='word_1_125' title='bbox 559 1248 720 1292; x_wconf 86' lang='lat' dir='ltr'>creavit</span> <span class='ocrx_word' id='word_1_126' title='bbox 735 1248 953 1307; x_wconf 76' lang='lat' dir='ltr'>infirmos,</span> <span class='ocrx_word' id='word_1_127' title='bbox 977 1250 1122 1304; x_wconf 80' lang='lat' dir='ltr'>idest,</span> <span class='ocrx_word' id='word_1_128' title='bbox 1150 1249 1345 1294; x_wconf 81' lang='lat' dir='ltr'>infirmus</span> <span class='ocrx_word' id='word_1_129' title='bbox 1368 1248 1516 1308; x_wconf 85' lang='lat' dir='ltr'>genuit</span> <span class='ocrx_word' id='word_1_130' title='bbox 1540 1249 1753 1295; x_wconf 87' lang='lat' dir='ltr'>infirmos.</span> 
     </span>
     <span class='ocr_line' id='line_1_16' title="bbox 385 1316 1762 1383; baseline 0.004 -24"><span class='ocrx_word' id='word_1_131' title='bbox 385 1316 443 1360; x_wconf 79' lang='lat' dir='ltr'>Et</span> <span class='ocrx_word' id='word_1_132' title='bbox 461 1326 606 1361; x_wconf 86' lang='lat' dir='ltr'>tamen</span> <span class='ocrx_word' id='word_1_133' title='bbox 622 1317 668 1361; x_wconf 93' lang='lat' dir='ltr'>in</span> <span class='ocrx_word' id='word_1_134' title='bbox 686 1319 890 1365; x_wconf 85' lang='lat' dir='ltr'>omnibus</span> <span class='ocrx_word' id='word_1_135' title='bbox 905 1357 915 1376; x_wconf 80' lang='lat'>‚</span> <span class='ocrx_word' id='word_1_136' title='bbox 937 1320 1010 1383; x_wconf 85' lang='lat' dir='ltr'>qui</span> <span class='ocrx_word' id='word_1_137' title='bbox 1029 1331 1284 1374; x_wconf 75' lang='lat' dir='ltr'>nascuntur,</span> <span class='ocrx_word' id='word_1_138' title='bbox 1306 1319 1488 1363; x_wconf 88' lang='lat' dir='ltr'>infirmis</span> <span class='ocrx_word' id='word_1_139' title='bbox 1512 1319 1623 1363; x_wconf 83' lang='lat' dir='ltr'>Deus</span> <span class='ocrx_word' id='word_1_140' title='bbox 1643 1318 1762 1381; x_wconf 90' lang='lat' dir='ltr'>quod</span> 
     </span>
     <span class='ocr_line' id='line_1_17' title="bbox 386 1385 1762 1452; baseline 0.003 -23"><span class='ocrx_word' id='word_1_141' title='bbox 386 1385 554 1431; x_wconf 85' lang='lat' dir='ltr'>bonum</span> <span class='ocrx_word' id='word_1_142' title='bbox 580 1397 642 1431; x_wconf 88' lang='lat' dir='ltr'>est</span> <span class='ocrx_word' id='word_1_143' title='bbox 667 1401 893 1450; x_wconf 78' lang='lat' dir='ltr'>operatur,</span> <span class='ocrx_word' id='word_1_144' title='bbox 919 1390 1146 1435; x_wconf 84' lang='lat' dir='ltr'>formando</span> <span class='ocrx_word' id='word_1_145' title='bbox 1171 1406 1355 1452; x_wconf 75' lang='lat' dir='ltr'>corpus,</span> <span class='ocrx_word' id='word_1_146' title='bbox 1382 1388 1644 1434; x_wconf 84' lang='lat' dir='ltr'>vivificando</span> <span class='ocrx_word' id='word_1_147' title='bbox 1669 1405 1762 1434; x_wconf 90' lang='lat' dir='ltr'>cor-</span> 
     </span>
     <span class='ocr_line' id='line_1_18' title="bbox 389 1455 1762 1522; baseline 0.003 -23"><span class='ocrx_word' id='word_1_148' title='bbox 389 1472 496 1518; x_wconf 80' lang='lat' dir='ltr'>pus,</span> <span class='ocrx_word' id='word_1_149' title='bbox 526 1455 728 1502; x_wconf 86' lang='lat' dir='ltr'>alimenta</span> <span class='ocrx_word' id='word_1_150' title='bbox 746 1459 986 1521; x_wconf 72' lang='lat' dir='ltr'>praebendo</span> <span class='ocrx_word' id='word_1_151' title='bbox 1002 1497 1013 1515; x_wconf 81' lang='lat'><strong><em>‚</em></strong></span> <span class='ocrx_word' id='word_1_152' title='bbox 1041 1459 1236 1522; x_wconf 82' lang='lat' dir='ltr'>pluviam</span> <span class='ocrx_word' id='word_1_153' title='bbox 1267 1475 1388 1503; x_wconf 87' lang='lat' dir='ltr'>suam</span> <span class='ocrx_word' id='word_1_154' title='bbox 1419 1468 1460 1502; x_wconf 90' lang='lat' dir='ltr'>et</span> <span class='ocrx_word' id='word_1_155' title='bbox 1480 1458 1611 1502; x_wconf 88' lang='lat' dir='ltr'>solem</span> <span class='ocrx_word' id='word_1_156' title='bbox 1635 1475 1762 1503; x_wconf 89' lang='lat' dir='ltr'>suum</span> 
     </span>
     <span class='ocr_line' id='line_1_19' title="bbox 390 1525 1762 1588; baseline 0.002 -19"><span class='ocrx_word' id='word_1_157' title='bbox 390 1542 520 1588; x_wconf 86' lang='lat' dir='ltr'>super</span> <span class='ocrx_word' id='word_1_158' title='bbox 543 1525 681 1571; x_wconf 68' lang='lat' dir='ltr'>laonos</span> <span class='ocrx_word' id='word_1_159' title='bbox 708 1537 749 1571; x_wconf 86' lang='lat' dir='ltr'>et</span> <span class='ocrx_word' id='word_1_160' title='bbox 766 1529 899 1573; x_wconf 89' lang='lat' dir='ltr'>malos</span> <span class='ocrx_word' id='word_1_161' title='bbox 923 1529 1068 1574; x_wconf 87' lang='lat' dir='ltr'>dando</span> <span class='ocrx_word' id='word_1_162' title='bbox 1093 1546 1103 1573; x_wconf 74' lang='grc' dir='ltr'>ε</span> <span class='ocrx_word' id='word_1_163' title='bbox 1132 1545 1218 1573; x_wconf 88' lang='lat' dir='ltr'>non</span> <span class='ocrx_word' id='word_1_164' title='bbox 1243 1538 1305 1573; x_wconf 90' lang='lat' dir='ltr'>est</span> <span class='ocrx_word' id='word_1_165' title='bbox 1324 1527 1436 1572; x_wconf 87' lang='lat' dir='ltr'>unde</span> <span class='ocrx_word' id='word_1_166' title='bbox 1456 1538 1660 1572; x_wconf 83' lang='lat' dir='ltr'>accusent</span> <span class='ocrx_word' id='word_1_167' title='bbox 1677 1528 1762 1573; x_wconf 80' lang='lat' dir='ltr'>bo-</span> 
     </span>
     <span class='ocr_line' id='line_1_20' title="bbox 387 1597 1807 1661; baseline 0.002 -21"><span class='ocrx_word' id='word_1_168' title='bbox 387 1612 519 1651; x_wconf 80' lang='lat' dir='ltr'>num,</span> <span class='ocrx_word' id='word_1_169' title='bbox 547 1612 626 1640; x_wconf 87' lang='lat' dir='ltr'>nec</span> <span class='ocrx_word' id='word_1_170' title='bbox 659 1597 776 1643; x_wconf 83' lang='lat' dir='ltr'>mali.</span> <span class='ocrx_word' id='word_1_171' title='bbox 820 1599 1003 1661; x_wconf 83' lang='lat' dir='ltr'>Insuper</span> <span class='ocrx_word' id='word_1_172' title='bbox 1037 1599 1166 1643; x_wconf 85' lang='lat' dir='ltr'>etiam</span> <span class='ocrx_word' id='word_1_173' title='bbox 1201 1615 1332 1657; x_wconf 79' lang='lat' dir='ltr'>genus</span> <span class='ocrx_word' id='word_1_174' title='bbox 1366 1598 1612 1642; x_wconf 88' lang='lat' dir='ltr'>humanum</span> <span class='ocrx_word' id='word_1_175' title='bbox 1645 1601 1762 1657; x_wconf 82' lang='lat' dir='ltr'>justo</span> <span class='ocrx_word' id='word_1_176' title='bbox 1804 1632 1807 1649; x_wconf 29' lang='grc' dir='ltr'>ᾗ</span> 
     </span>
     <span class='ocr_line' id='line_1_21' title="bbox 388 1664 1763 1730; baseline 0.002 -21"><span class='ocrx_word' id='word_1_177' title='bbox 388 1681 465 1709; x_wconf 87' lang='lat' dir='ltr'>suo</span> <span class='ocrx_word' id='word_1_178' title='bbox 483 1664 653 1724; x_wconf 86' lang='lat' dir='ltr'>judicio</span> <span class='ocrx_word' id='word_1_179' title='bbox 681 1667 1017 1713; x_wconf 84' lang='lat' dir='ltr'>condemnatum</span> <span class='ocrx_word' id='word_1_180' title='bbox 1041 1667 1181 1712; x_wconf 87' lang='lat' dir='ltr'>noluit</span> <span class='ocrx_word' id='word_1_181' title='bbox 1215 1668 1261 1712; x_wconf 86' lang='lat' dir='ltr'>in</span> <span class='ocrx_word' id='word_1_182' title='bbox 1288 1667 1512 1712; x_wconf 86' lang='lat' dir='ltr'>interitum</span> <span class='ocrx_word' id='word_1_183' title='bbox 1537 1667 1763 1730; x_wconf 83' lang='lat' dir='ltr'>sempiter-</span> 
     </span>
    </p>
   </div>
   <div class='ocr_carea' id='block_1_3' title="bbox 386 1740 1852 2570">
    <p class='ocr_par' dir='ltr' id='par_1_3' title="bbox 386 1740 1852 2570">
     <span class='ocr_line' id='line_1_22' title="bbox 388 1740 1788 1803; baseline 0.003 -19"><span class='ocrx_word' id='word_1_184' title='bbox 388 1756 493 1785; x_wconf 85' lang='lat' dir='ltr'>num</span> <span class='ocrx_word' id='word_1_185' title='bbox 511 1740 751 1803; x_wconf 87' lang='lat' dir='ltr'>relinquere</span> <span class='ocrx_word' id='word_1_186' title='bbox 774 1761 784 1787; x_wconf 75' lang='lat' dir='ltr'>x</span> <span class='ocrx_word' id='word_1_187' title='bbox 805 1744 877 1789; x_wconf 89' lang='lat' dir='ltr'>sed</span> <span class='ocrx_word' id='word_1_188' title='bbox 896 1745 1012 1789; x_wconf 85' lang='lat' dir='ltr'>misit</span> <span class='ocrx_word' id='word_1_189' title='bbox 1028 1755 1069 1789; x_wconf 87' lang='lat' dir='ltr'>et</span> <span class='ocrx_word' id='word_1_190' title='bbox 1087 1743 1303 1789; x_wconf 87' lang='lat' dir='ltr'>medicum</span> <span class='ocrx_word' id='word_1_191' title='bbox 1322 1780 1333 1799; x_wconf 83' lang='lat'>‚</span> <span class='ocrx_word' id='word_1_192' title='bbox 1354 1743 1471 1788; x_wconf 88' lang='lat' dir='ltr'>misit</span> <span class='ocrx_word' id='word_1_193' title='bbox 1488 1742 1759 1800; x_wconf 82' lang='lat' dir='ltr'>salvatorem,</span> <span class='ocrx_word' id='word_1_194' title='bbox 1783 1742 1788 1746; x_wconf 72' lang='grc'><em>“</em></span> 
     </span>
     <span class='ocr_line' id='line_1_23' title="bbox 387 1809 1760 1876; baseline 0.002 -21"><span class='ocrx_word' id='word_1_195' title='bbox 387 1809 506 1855; x_wconf 86' lang='lat' dir='ltr'>misit</span> <span class='ocrx_word' id='word_1_196' title='bbox 524 1826 623 1854; x_wconf 90' lang='lat' dir='ltr'>eum</span> <span class='ocrx_word' id='word_1_197' title='bbox 638 1811 712 1872; x_wconf 86' lang='lat' dir='ltr'>qui</span> <span class='ocrx_word' id='word_1_198' title='bbox 730 1813 860 1870; x_wconf 78' lang='lat' dir='ltr'>gratis</span> <span class='ocrx_word' id='word_1_199' title='bbox 873 1824 1064 1866; x_wconf 78' lang='lat' dir='ltr'>sanaret3</span> <span class='ocrx_word' id='word_1_200' title='bbox 1083 1831 1240 1876; x_wconf 89' lang='lat' dir='ltr'>parum</span> <span class='ocrx_word' id='word_1_201' title='bbox 1258 1813 1409 1875; x_wconf 86' lang='lat' dir='ltr'>estqui</span> <span class='ocrx_word' id='word_1_202' title='bbox 1430 1813 1560 1872; x_wconf 85' lang='lat' dir='ltr'>gratis</span> <span class='ocrx_word' id='word_1_203' title='bbox 1577 1823 1760 1866; x_wconf 81' lang='lat' dir='ltr'>sanaret3</span> 
     </span>
     <span class='ocr_line' id='line_1_24' title="bbox 389 1879 1805 1942; baseline 0.004 -19"><span class='ocrx_word' id='word_1_204' title='bbox 389 1879 467 1942; x_wconf 89' lang='lat' dir='ltr'>qui</span> <span class='ocrx_word' id='word_1_205' title='bbox 489 1879 647 1924; x_wconf 86' lang='lat' dir='ltr'>sanatis</span> <span class='ocrx_word' id='word_1_206' title='bbox 677 1881 805 1926; x_wconf 90' lang='lat' dir='ltr'>etiam</span> <span class='ocrx_word' id='word_1_207' title='bbox 844 1883 1086 1928; x_wconf 85' lang='lat' dir='ltr'>mercedem</span> <span class='ocrx_word' id='word_1_208' title='bbox 1110 1883 1245 1929; x_wconf 88' lang='lat' dir='ltr'>daret.</span> <span class='ocrx_word' id='word_1_209' title='bbox 1278 1882 1400 1927; x_wconf 65' lang='lat' dir='ltr'>Nihil</span> <span class='ocrx_word' id='word_1_210' title='bbox 1432 1882 1536 1928; x_wconf 88' lang='lat' dir='ltr'>addi</span> <span class='ocrx_word' id='word_1_211' title='bbox 1560 1882 1614 1928; x_wconf 90' lang='lat' dir='ltr'>ad</span> <span class='ocrx_word' id='word_1_212' title='bbox 1638 1882 1762 1928; x_wconf 87' lang='lat' dir='ltr'>istam</span> <span class='ocrx_word' id='word_1_213' title='bbox 1802 1904 1805 1915; x_wconf 66' lang='lat'>·=</span> 
     </span>
     <span class='ocr_line' id='line_1_25' title="bbox 387 1948 1763 2015; baseline 0.002 -22"><span class='ocrx_word' id='word_1_214' title='bbox 387 1948 734 1994; x_wconf 85' lang='lat' dir='ltr'>benevolentiam</span> <span class='ocrx_word' id='word_1_215' title='bbox 757 1962 912 2013; x_wconf 86' lang='lat' dir='ltr'>potest.</span> <span class='ocrx_word' id='word_1_216' title='bbox 945 1953 1054 2008; x_wconf 84' lang='lat' dir='ltr'>Quis</span> <span class='ocrx_word' id='word_1_217' title='bbox 1081 1963 1143 1998; x_wconf 85' lang='lat' dir='ltr'>est</span> <span class='ocrx_word' id='word_1_218' title='bbox 1166 1953 1242 2015; x_wconf 89' lang='lat' dir='ltr'>qui</span> <span class='ocrx_word' id='word_1_219' title='bbox 1267 1952 1383 1997; x_wconf 87' lang='lat' dir='ltr'>dicat</span> <span class='ocrx_word' id='word_1_220' title='bbox 1406 1969 1416 1995; x_wconf 75' lang='lat' dir='ltr'><strong><em>z</em></strong></span> <span class='ocrx_word' id='word_1_221' title='bbox 1446 1952 1603 1996; x_wconf 87' lang='lat' dir='ltr'>Sanem</span> <span class='ocrx_word' id='word_1_222' title='bbox 1627 1962 1690 2005; x_wconf 72' lang='lat' dir='ltr'>te,</span> <span class='ocrx_word' id='word_1_223' title='bbox 1722 1962 1763 1996; x_wconf 85' lang='lat' dir='ltr'>et</span> 
     </span>
     <span class='ocr_line' id='line_1_26' title="bbox 390 2019 1805 2092; baseline 0.001 -29"><span class='ocrx_word' id='word_1_224' title='bbox 390 2019 447 2064; x_wconf 95' lang='lat' dir='ltr'>do</span> <span class='ocrx_word' id='word_1_225' title='bbox 470 2019 553 2063; x_wconf 84' lang='lat' dir='ltr'>tibi</span> <span class='ocrx_word' id='word_1_226' title='bbox 572 2020 841 2065; x_wconf 67' lang='lat' dir='ltr'>mercedem?</span> <span class='ocrx_word' id='word_1_227' title='bbox 864 2023 1043 2082; x_wconf 84' lang='lat' dir='ltr'>Optime</span> <span class='ocrx_word' id='word_1_228' title='bbox 1059 2022 1176 2065; x_wconf 78' lang='lat' dir='ltr'>fecit.</span> <span class='ocrx_word' id='word_1_229' title='bbox 1204 2022 1377 2064; x_wconf 69' lang='lat' dir='ltr'>Sciebat</span> <span class='ocrx_word' id='word_1_230' title='bbox 1395 2020 1507 2063; x_wconf 86' lang='lat' dir='ltr'>enim</span> <span class='ocrx_word' id='word_1_231' title='bbox 1526 2037 1566 2063; x_wconf 78' lang='lat' dir='ltr'>se</span> <span class='ocrx_word' id='word_1_232' title='bbox 1585 2020 1762 2065; x_wconf 88' lang='lat' dir='ltr'>divitem</span> <span class='ocrx_word' id='word_1_233' title='bbox 1802 2056 1805 2092; x_wconf 67' lang='grc' dir='ltr'>Ι</span> 
     </span>
     <span class='ocr_line' id='line_1_27' title="bbox 391 2081 1852 2150; baseline 0.001 -17"><span class='ocrx_word' id='word_1_234' title='bbox 391 2088 555 2134; x_wconf 79' lang='lat' dir='ltr'>venisse</span> <span class='ocrx_word' id='word_1_235' title='bbox 574 2087 627 2131; x_wconf 90' lang='lat' dir='ltr'>ad</span> <span class='ocrx_word' id='word_1_236' title='bbox 652 2104 889 2150; x_wconf 83' lang='lat' dir='ltr'>pauperem</span> <span class='ocrx_word' id='word_1_237' title='bbox 912 2106 922 2132; x_wconf 76' lang='lat' dir='ltr'>z</span> <span class='ocrx_word' id='word_1_238' title='bbox 950 2100 990 2134; x_wconf 88' lang='lat' dir='ltr'>ct</span> <span class='ocrx_word' id='word_1_239' title='bbox 1007 2100 1127 2133; x_wconf 89' lang='lat' dir='ltr'>sanat</span> <span class='ocrx_word' id='word_1_240' title='bbox 1142 2099 1323 2147; x_wconf 65' lang='lat' dir='ltr'>aegrotos</span> <span class='ocrx_word' id='word_1_241' title='bbox 1339 2124 1349 2142; x_wconf 76' lang='grc'>,</span> <span class='ocrx_word' id='word_1_242' title='bbox 1376 2098 1417 2132; x_wconf 86' lang='lat' dir='ltr'>et</span> <span class='ocrx_word' id='word_1_243' title='bbox 1434 2089 1592 2133; x_wconf 88' lang='lat' dir='ltr'>sanatis</span> <span class='ocrx_word' id='word_1_244' title='bbox 1609 2088 1757 2146; x_wconf 86' lang='lat' dir='ltr'>donat,</span> <span class='ocrx_word' id='word_1_245' title='bbox 1802 2081 1852 2144; x_wconf 47' lang='lat' dir='ltr'>lffl‘l</span> 
     </span>
     <span class='ocr_line' id='line_1_28' title="bbox 391 2150 1804 2222; baseline 0.001 -19"><span class='ocrx_word' id='word_1_246' title='bbox 391 2168 433 2203; x_wconf 87' lang='lat' dir='ltr'>et</span> <span class='ocrx_word' id='word_1_247' title='bbox 455 2175 542 2203; x_wconf 88' lang='grc'><strong>11011</strong></span> <span class='ocrx_word' id='word_1_248' title='bbox 569 2157 687 2202; x_wconf 89' lang='lat' dir='ltr'>aliud</span> <span class='ocrx_word' id='word_1_249' title='bbox 713 2175 842 2220; x_wconf 86' lang='lat' dir='ltr'>quam</span> <span class='ocrx_word' id='word_1_250' title='bbox 870 2177 910 2204; x_wconf 84' lang='lat' dir='ltr'>sc</span> <span class='ocrx_word' id='word_1_251' title='bbox 932 2160 1075 2222; x_wconf 85' lang='lat' dir='ltr'>ipsum</span> <span class='ocrx_word' id='word_1_252' title='bbox 1100 2159 1247 2204; x_wconf 86' lang='lat' dir='ltr'>donat.</span> <span class='ocrx_word' id='word_1_253' title='bbox 1278 2158 1474 2203; x_wconf 83' lang='lat' dir='ltr'>Salvator</span> <span class='ocrx_word' id='word_1_254' title='bbox 1497 2169 1558 2203; x_wconf 88' lang='lat' dir='ltr'>cst</span> <span class='ocrx_word' id='word_1_255' title='bbox 1584 2158 1760 2218; x_wconf 82' lang='lat' dir='ltr'>adeto-</span> <span class='ocrx_word' id='word_1_256' title='bbox 1802 2150 1804 2220; x_wconf 67' lang='lat' dir='ltr'>l</span> 
     </span>
     <span class='ocr_line' id='line_1_29' title="bbox 387 2221 1805 2328; baseline 0.001 -56"><span class='ocrx_word' id='word_1_257' title='bbox 387 2227 501 2273; x_wconf 83' lang='lat' dir='ltr'>rium</span> <span class='ocrx_word' id='word_1_258' title='bbox 524 2225 743 2286; x_wconf 73' lang='lat' dir='ltr'>languidi,</span> <span class='ocrx_word' id='word_1_259' title='bbox 771 2229 862 2290; x_wconf 88' lang='lat' dir='ltr'>ipse</span> <span class='ocrx_word' id='word_1_260' title='bbox 888 2228 1074 2274; x_wconf 86' lang='lat' dir='ltr'>salvator</span> <span class='ocrx_word' id='word_1_261' title='bbox 1098 2238 1160 2272; x_wconf 84' lang='lat' dir='ltr'>est</span> <span class='ocrx_word' id='word_1_262' title='bbox 1183 2227 1413 2289; x_wconf 64' lang='lat' dir='ltr'>praemium</span> <span class='ocrx_word' id='word_1_263' title='bbox 1430 2229 1580 2274; x_wconf 86' lang='lat' dir='ltr'>sanati.</span> <span class='ocrx_word' id='word_1_264' title='bbox 1799 2221 1805 2328; x_wconf 54' lang='lat' dir='ltr'>f</span> 
     </span>
     <span class='ocr_line' id='line_1_30' title="bbox 455 2297 1839 2361; baseline 0.001 -20"><span class='ocrx_word' id='word_1_265' title='bbox 455 2298 539 2343; x_wconf 91' lang='lat' dir='ltr'>lll.</span> <span class='ocrx_word' id='word_1_266' title='bbox 571 2318 590 2338; x_wconf 83' lang='lat'>&lt;‹</span> <span class='ocrx_word' id='word_1_267' title='bbox 613 2298 725 2356; x_wconf 82' lang='lat' dir='ltr'>Ergo</span> <span class='ocrx_word' id='word_1_268' title='bbox 743 2297 916 2353; x_wconf 82' lang='lat' dir='ltr'>fratres,</span> <span class='ocrx_word' id='word_1_269' title='bbox 942 2298 1096 2361; x_wconf 88' lang='lat' dir='ltr'>»quod</span> <span class='ocrx_word' id='word_1_270' title='bbox 1114 2298 1244 2343; x_wconf 85' lang='lat' dir='ltr'>hodie</span> <span class='ocrx_word' id='word_1_271' title='bbox 1263 2297 1473 2342; x_wconf 85' lang='lat' dir='ltr'>admoniti</span> <span class='ocrx_word' id='word_1_272' title='bbox 1490 2298 1586 2342; x_wconf 86' lang='lat' dir='ltr'>estis</span> <span class='ocrx_word' id='word_1_273' title='bbox 1601 2333 1613 2352; x_wconf 79' lang='grc'><em>,</em></span> <span class='ocrx_word' id='word_1_274' title='bbox 1636 2317 1658 2338; x_wconf 88' lang='grc'>«</span> <span class='ocrx_word' id='word_1_275' title='bbox 1678 2298 1759 2343; x_wconf 92' lang='lat' dir='ltr'>De-</span> <span class='ocrx_word' id='word_1_276' title='bbox 1834 2309 1839 2321; x_wconf 75' lang='lat'>⁸</span> 
     </span>
     <span class='ocr_line' id='line_1_31' title="bbox 388 2366 1803 2422; baseline 0.001 -12"><span class='ocrx_word' id='word_1_277' title='bbox 388 2367 587 2412; x_wconf 82' lang='lat' dir='ltr'>»bitores</span> <span class='ocrx_word' id='word_1_278' title='bbox 611 2384 757 2412; x_wconf 88' lang='lat' dir='ltr'>sumus</span> <span class='ocrx_word' id='word_1_279' title='bbox 778 2385 866 2413; x_wconf 88' lang='grc'><strong>11011</strong></span> <span class='ocrx_word' id='word_1_280' title='bbox 895 2368 1039 2422; x_wconf 64' lang='lat' dir='ltr'>carni,</span> <span class='ocrx_word' id='word_1_281' title='bbox 1074 2378 1122 2413; x_wconf 88' lang='lat' dir='ltr'>ut</span> <span class='ocrx_word' id='word_1_282' title='bbox 1153 2367 1392 2413; x_wconf 87' lang='lat' dir='ltr'>secundum</span> <span class='ocrx_word' id='word_1_283' title='bbox 1426 2383 1599 2411; x_wconf 87' lang='lat' dir='ltr'>carnem</span> <span class='ocrx_word' id='word_1_284' title='bbox 1629 2366 1754 2412; x_wconf 88' lang='lat' dir='ltr'>viva-</span> <span class='ocrx_word' id='word_1_285' title='bbox 1802 2366 1803 2369; x_wconf 32' lang='lat'>¹</span> 
     </span>
     <span class='ocr_line' id='line_1_32' title="bbox 387 2435 1806 2498; baseline 0.001 -20"><span class='ocrx_word' id='word_1_286' title='bbox 387 2457 409 2479; x_wconf 83' lang='lat'>»</span> <span class='ocrx_word' id='word_1_287' title='bbox 429 2436 566 2483; x_wconf 68' lang='lat' dir='ltr'>mus1.</span> <span class='ocrx_word' id='word_1_288' title='bbox 596 2458 616 2477; x_wconf 89' lang='lat'>»</span> <span class='ocrx_word' id='word_1_289' title='bbox 642 2437 710 2482; x_wconf 90' lang='lat' dir='ltr'>Ad</span> <span class='ocrx_word' id='word_1_290' title='bbox 728 2437 814 2483; x_wconf 90' lang='lat' dir='ltr'>hoc</span> <span class='ocrx_word' id='word_1_291' title='bbox 840 2438 955 2483; x_wconf 88' lang='lat' dir='ltr'>enim</span> <span class='ocrx_word' id='word_1_292' title='bbox 975 2437 1114 2497; x_wconf 85' lang='lat' dir='ltr'>adjuti</span> <span class='ocrx_word' id='word_1_293' title='bbox 1140 2453 1285 2483; x_wconf 87' lang='lat' dir='ltr'>sumus</span> <span class='ocrx_word' id='word_1_294' title='bbox 1303 2473 1314 2491; x_wconf 81' lang='lat'>‚</span> <span class='ocrx_word' id='word_1_295' title='bbox 1348 2435 1403 2480; x_wconf 90' lang='lat' dir='ltr'>ad</span> <span class='ocrx_word' id='word_1_296' title='bbox 1432 2435 1519 2480; x_wconf 88' lang='lat' dir='ltr'>hoc</span> <span class='ocrx_word' id='word_1_297' title='bbox 1544 2435 1759 2498; x_wconf 85' lang='lat' dir='ltr'>Spiritum</span> <span class='ocrx_word' id='word_1_298' title='bbox 1800 2469 1806 2473; x_wconf 60' lang='lat'>„</span> 
     </span>
     <span class='ocr_line' id='line_1_33' title="bbox 386 2505 1757 2570; baseline 0.001 -19"><span class='ocrx_word' id='word_1_299' title='bbox 386 2506 468 2552; x_wconf 85' lang='lat' dir='ltr'>Dei</span> <span class='ocrx_word' id='word_1_300' title='bbox 491 2506 737 2570; x_wconf 87' lang='lat' dir='ltr'>accepimus</span> <span class='ocrx_word' id='word_1_301' title='bbox 753 2544 765 2566; x_wconf 83' lang='lat'><strong><em>,</em></strong></span> <span class='ocrx_word' id='word_1_302' title='bbox 792 2507 848 2556; x_wconf 90' lang='lat' dir='ltr'>ad</span> <span class='ocrx_word' id='word_1_303' title='bbox 869 2507 955 2555; x_wconf 90' lang='lat' dir='ltr'>hoc</span> <span class='ocrx_word' id='word_1_304' title='bbox 978 2507 1107 2555; x_wconf 85' lang='lat' dir='ltr'>ctiam</span> <span class='ocrx_word' id='word_1_305' title='bbox 1129 2508 1175 2554; x_wconf 87' lang='lat' dir='ltr'>in</span> <span class='ocrx_word' id='word_1_306' title='bbox 1195 2505 1420 2554; x_wconf 83' lang='lat' dir='ltr'>laboribus</span> <span class='ocrx_word' id='word_1_307' title='bbox 1440 2505 1594 2552; x_wconf 87' lang='lat' dir='ltr'>nostris</span> <span class='ocrx_word' id='word_1_308' title='bbox 1616 2505 1757 2570; x_wconf 84' lang='lat' dir='ltr'>quoti-</span> 
     </span>
    </p>
   </div>
   <div class='ocr_carea' id='block_1_4' title="bbox 438 2594 730 2640">
    <p class='ocr_par' dir='ltr' id='par_1_4' title="bbox 438 2594 730 2640">
     <span class='ocr_line' id='line_1_34' title="bbox 438 2594 730 2640; baseline 0.003 -12"><span class='ocrx_word' id='word_1_309' title='bbox 438 2594 450 2619; x_wconf 76' lang='lat'>⁸</span> <span class='ocrx_word' id='word_1_310' title='bbox 469 2596 560 2628; x_wconf 81' lang='lat' dir='ltr'>Rom.</span> <span class='ocrx_word' id='word_1_311' title='bbox 580 2605 658 2640; x_wconf 80' lang='lat' dir='ltr'>vm,</span> <span class='ocrx_word' id='word_1_312' title='bbox 678 2607 730 2629; x_wconf 65' lang='grc' dir='ltr'>η,</span> 
     </span>
    </p>
   </div>
   <div class='ocr_carea' id='block_1_5' title="bbox 1785 0 1826 3241">
    <p class='ocr_par' dir='ltr' id='par_1_5' title="bbox 1785 0 1826 3241">
     <span class='ocr_line' id='line_1_35' title="bbox 1785 0 1826 3241; baseline 0 0"><span class='ocrx_word' id='word_1_313' title='bbox 1785 0 1826 3241; x_wconf 95' lang='lat' dir='ltr'> </span> 
     </span>
    </p>
   </div>
  </div>
 </body>
</html>
