1866 3241
403 256 490 302 136
806 269 839 298 s.
883 267 1124 298 avorsum
1159 268 1361 298 Emscom

398 333 521 397 quasi
545 342 775 396 propterea
798 332 851 377 sit
873 331 1024 377 fortior
1059 349 1183 387 sexu,
1215 343 1263 378 ut
1294 350 1391 378 eum
1414 333 1582 379 facilius
1610 334 1766 394 subju-

400 413 470 463 get
504 402 716 449 inimicus.
758 403 896 447 Lucta
930 413 1020 457 θεῖ,
1056 401 1259 465 praelium
1289 413 1379 459 θεῖ,
1407 420 1553 466 pugna
1578 414 1652 450 est.
1693 404 1769 449 Vir

398 472 552 519 fortior
570 483 631 517 est
649 471 846 528 foemina,
864 472 930 518 vir
948 482 1081 535 caput
1100 482 1161 516 est
1179 471 1371 518 foeminae
1384 471 1417 519 4.
1442 473 1637 519 Foemina
1652 490 1770 537 pug-

402 553 503 598 nat,
542 553 584 588 et
615 542 752 588 vincit
788 559 797 585 :
836 552 883 587 tu
912 541 1029 586 hosti
1061 541 1346 586 succumbis?
1383 542 1477 587 Stat
1507 560 1666 606 corpus
1686 581 1697 600 ‚
1731 554 1774 589 et

399 616 516 672 jacet
556 614 720 675 caput?
771 611 860 666 Qui
895 622 1037 656 autem
1070 628 1216 656 uxores
1252 610 1448 656 nondum
1480 612 1649 657 habetis
1677 649 1688 670 ‚
1733 623 1775 659 et
1839 651 1842 674 «Ἴ

402 694 546 728 tamen
583 681 638 726 ad
672 698 861 726 mensam
903 681 1180 726 Dominicam
1210 685 1302 740 jam
1335 681 1564 737 acceditis,
1606 693 1648 727 et
1676 700 1776 728 car-
1839 679 1849 698 ‘¹

404 769 503 798 nem
534 750 698 797 Christi
729 750 1002 796 manducatis
1022 788 1033 807 ‚
1060 762 1102 795 et
1128 751 1378 809 sanguinem
1403 751 1555 796 bibitis
1572 788 1584 807 ,
1609 751 1643 796 si
1664 751 1778 797 duc-

406 823 494 868 turi
518 822 616 867 estis
633 838 779 866 uxores
801 858 811 877 ,
842 832 1002 868 servate
1020 837 1095 867 vos
1114 822 1320 867 uxoribus
1342 822 1506 868 vestris,
1533 821 1692 877 Quales
1711 839 1779 868 eas

406 892 538 939 vultis
564 891 618 937 ad
640 908 715 937 vos
746 892 890 938 venire
905 930 916 949 ,
959 891 1063 937 tales
1086 909 1162 938 vos
1185 891 1345 937 debent
1370 902 1412 936 et
1446 892 1553 955 ipsse
1570 892 1773 939 invenire.

410 964 521 1019 Quis
538 962 709 1022 juvenis
734 973 821 1019 θεῖ,
850 963 927 1025 qui
963 980 1051 1008 non
1082 973 1244 1008 castam
1277 962 1380 1009 velit
1400 962 1555 1008 ducere
1578 966 1778 1009 uxorem?

409 1035 469 1079 Et
493 1033 527 1078 si
561 1043 818 1096 accepturus
842 1044 903 1078 est
928 1034 1140 1093 virginem
1158 1070 1169 1089 ,
1209 1033 1305 1095 quis
1327 1050 1414 1077 non
1437 1033 1644 1078 intactam
1667 1033 1782 1078 desi-
1840 1041 1841 1045 ’

411 1104 562 1150 deret?
604 1104 818 1149 Intactam
850 1105 1036 1167 quaeris,
1064 1105 1251 1150 intactus
1285 1113 1387 1149 esto.
1421 1103 1582 1149 Puram
1605 1103 1780 1166 quaeris,

413 1173 504 1219 noli
531 1190 616 1218 esse
632 1173 845 1236 impurus.
874 1174 972 1219 Non
990 1174 1103 1219 enim
1119 1172 1193 1218 illa
1209 1183 1372 1236 potest,
1401 1183 1443 1217 et
1468 1183 1515 1217 tu
1538 1190 1626 1218 non
1641 1183 1778 1236 potes.

414 1245 460 1289 Si
476 1243 567 1288 fieri
589 1260 677 1288 non
698 1254 840 1305 posset
859 1280 870 1299 9
896 1261 975 1288 nec
998 1243 1072 1288 illa
1090 1253 1245 1306 posset.
1273 1242 1387 1298 Quia
1403 1259 1504 1288 Vero
1526 1242 1599 1287 illa
1619 1252 1782 1305 potest,

415 1313 568 1359 doceat
594 1325 634 1358 te
657 1313 759 1375 quia
778 1313 871 1358 fieri
886 1324 1042 1375 potest.
1076 1315 1133 1357 Et
1149 1313 1268 1358 illam
1286 1349 1297 1368 ‚
1330 1323 1379 1357 ut
1393 1312 1528 1375 possit
1545 1349 1556 1368 ,
1583 1313 1698 1357 Deus
1716 1329 1787 1357 re-
1833 1348 1836 1360 .

416 1385 491 1443 git.
527 1383 612 1429 Sed
639 1394 687 1428 tu
711 1382 934 1441 gloriosior
966 1383 1072 1439 eris,
1101 1383 1135 1427 si
1160 1383 1323 1428 feceris.
1358 1382 1501 1438 Quare
1534 1381 1786 1442 gloriosior?

414 1454 535 1499 illam
570 1453 731 1517 premit
770 1464 1001 1515 parentum
1039 1451 1235 1497 custodia
1253 1489 1264 1507 ,
1317 1451 1504 1496 refrenat
1542 1451 1790 1497 infirmioris

416 1541 536 1569 sexus
568 1524 660 1586 ipsa
695 1522 981 1569 Verecundia2
1004 1540 1014 1566 :
1039 1533 1256 1585 postremo
1290 1521 1400 1581 leges
1425 1522 1571 1577 timet,
1615 1538 1721 1584 quas
1743 1532 1790 1567 tu
1854 1559 1855 1562 ,

418 1611 505 1639 non
529 1594 666 1639 times.
702 1592 805 1637 Ideo
824 1610 922 1651 ergo
940 1592 1163 1651 gloriosior
1182 1591 1262 1636 eris
1277 1628 1287 1647 ,
1306 1591 1339 1636 si
1367 1590 1516 1636 feceris
1534 1608 1545 1635 ε
1567 1591 1670 1654 quia
1688 1601 1737 1636 tu
1758 1591 1792 1636 si

416 1663 589 1719 seceris,
610 1663 751 1707 Deum
775 1663 910 1708 times.
945 1662 1090 1706 Habet
1105 1660 1177 1706 illa
1196 1660 1333 1705 multa
1357 1677 1455 1723 quae
1470 1661 1617 1706 timeat
1635 1671 1793 1724 praeter

419 1734 560 1779 Deum
583 1751 594 1777 :
620 1743 668 1777 tu
690 1732 827 1777 solum
853 1732 993 1776 Deum
1017 1731 1151 1777 times.
1196 1730 1280 1775 Sed
1305 1741 1350 1775 tu
1376 1747 1504 1794 quem
1530 1731 1677 1786 times,
1704 1748 1793 1775 ma-
1854 1754 1855 1760 =

415 1807 486 1863 jor
513 1814 574 1849 est
600 1802 816 1848 omnibus.
861 1802 959 1865 Ipse
982 1800 1198 1846 timendus
1222 1811 1284 1845 est
1317 1801 1363 1845 in
1395 1800 1576 1863 publico
1594 1837 1606 1855 ,
1636 1800 1795 1863 ipsein
1836 1807 1838 1811 '

423 1884 598 1919 secreto,
629 1872 832 1917 Procedis
850 1909 860 1927 ,
892 1871 1050 1917 videris
1071 1891 1081 1923 3
1113 1872 1246 1915 intras
1262 1907 1272 1925 ‚
1308 1869 1464 1915 videris
1486 1887 1496 1914 z
1519 1869 1697 1915 lucerna
1722 1887 1795 1915 ar-

428 1943 501 1989 det
515 1980 526 1999 ,
569 1942 688 1988 videt
705 1953 746 1987 te
768 1962 779 1995 ς
798 1941 973 1986 lucerna
997 1940 1181 1986 extincta
1199 1950 1260 1985 est
1278 1977 1289 1995 ,
1313 1939 1433 1985 videt
1456 1950 1496 1984 te
1517 1957 1527 1984 :
1548 1940 1594 1985 in
1616 1939 1796 1985 cubicu-

423 2013 516 2058 lum
539 2012 672 2057 intras
692 2048 702 2067 ,
728 2011 846 2058 videt
869 2022 937 2064 te3
962 2011 1007 2055 in
1033 2010 1161 2056 corde
1180 2009 1360 2057 versaris
1379 2046 1390 2066 ,
1417 2009 1534 2056 videt
1559 2020 1611 2056 te.
1646 2011 1796 2073 Ipsum

423 2083 527 2128 'time
542 2120 554 2139 ,
583 2082 707 2128 illum
727 2082 798 2128 cui
819 2099 923 2128 cura
943 2092 1004 2126 θεῖ
1026 2092 1075 2127 ut
1090 2081 1237 2128 Videat
1256 2091 1323 2134 te3
1347 2090 1389 2125 et
1408 2079 1477 2126 vel
1497 2079 1689 2125 timendo
1707 2097 1796 2126 cas·
1834 2131 1836 2136 ¹

424 2163 493 2198 tus
512 2163 613 2199 esto.
646 2152 734 2198 Aut
756 2152 790 2197 si
810 2168 989 2215 peccare
1004 2151 1068 2198 vis
1085 2189 1096 2208 ,
1134 2167 1279 2214 quaere
1299 2150 1378 2195 ubi
1401 2160 1441 2194 te
1458 2166 1546 2196 non
1561 2149 1728 2207 videat,
1757 2160 1799 2196 et

420 2222 488 2268 fac
515 2222 636 2286 quod
658 2222 736 2269 vis.
1834 2275 1839 2286 κ

493 2294 577 2339 ΙΙΙ.
620 2292 709 2348 Qui
731 2309 830 2338 vero
856 2295 947 2351 jam
970 2292 1145 2339 vovistis
1163 2329 1174 2348 ,
1212 2307 1369 2355 corpus
1396 2289 1555 2335 arctius
1576 2289 1796 2350 castigate,
1834 2303 1836 2335 ;

424 2363 851 2427 etconcupiscentiae
869 2363 1011 2409 frenos
1029 2381 1109 2409 nec
1134 2363 1187 2409 ad
1204 2363 1298 2426 ipsa
1322 2378 1421 2426 quae
1437 2361 1645 2424 permissa
1671 2372 1795 2418 sunt,
1827 2349 1831 2410 l

423 2434 650 2497 patiamini
680 2434 895 2487 relaxare3
937 2445 984 2480 ut
1019 2452 1105 2480 non
1140 2434 1278 2480 solum
1316 2451 1340 2478 a
1374 2431 1613 2478 concubitu
1647 2430 1799 2476 illicito

477 2529 488 2550 ¹
508 2527 624 2570 Ephes.
649 2538 683 2570 v,
703 2529 757 2562 23.
772 2544 817 2553 —-
831 2527 847 2552 ²
875 2527 954 2562 Cod.
972 2530 1059 2562 Cass.
1082 2529 1226 2573 refrenat
1253 2527 1460 2572 infirmiorem
1477 2537 1590 2559 sexum
1610 2528 1682 2572 ipsa
1701 2538 1797 2561 vere-2

429 2580 566 2614 candia.
