1866 3241
204 346 346 376 SERMO
382 343 521 383 cxvn,
560 343 613 372 DE
650 343 806 372 vEnssts
842 344 1005 374 EVANG.
1046 344 1160 374 JOAN
1220 348 1248 377 1.
1374 349 1425 396 19

59 409 221 456 lumine
244 427 371 462 vcro,
396 408 441 455 id
463 418 550 464 est,
588 426 610 454 a
642 408 732 453 Deo
749 445 759 464 ,
784 411 875 468 jam
902 425 1045 455 caecus
1079 408 1277 458 efficitur.
1313 414 1429 460 Non-

59 478 164 526 dum
185 479 312 526 sentit
330 496 509 544 poenam
526 516 537 535 ,
565 477 636 523 sed
647 481 739 537 jam
760 477 909 525 habet.

125 549 200 596 Vl.
243 550 396 614 ltaque
425 548 618 594 Verbum
637 547 739 604 Dei,
762 547 913 593 fratres
937 547 1204 606 charissimi,
1232 551 1433 617 incorpo-

59 619 222 677 raliter,
259 618 592 675 inviolabiliter,
632 617 1067 674 incommutabiliter,
1096 620 1185 665 sine
1205 623 1435 687 temporali

59 691 300 748 nativitate,
323 701 475 736 natum
503 700 648 735 tamen
667 687 958 749 intelligamus
973 708 995 735 a
1013 690 1118 737 Deo.
1149 691 1436 741 Putamus-ne

59 774 288 826 possumus
306 761 451 825 aliquo
468 760 597 806 modo
614 760 873 826 persuadere
898 760 1161 824 quibusdam
1186 763 1436 812 infidelibus

61 850 150 880 non
176 832 410 878 abhorrere
434 852 457 878 a
480 850 580 878 vero
597 870 607 889 ,
633 831 752 896 quod
782 831 943 877 dicitur
966 851 989 877 a
1015 832 1141 879 nobis
1162 835 1248 880 fide
1276 837 1437 883 catho-

61 903 170 962 lica,
200 921 299 968 quae
325 904 542 949 contraria
573 914 637 948 est
668 902 866 959 Arianis,
898 921 920 948 a
952 904 1112 966 quibus
1142 906 1334 953 Ecclesia
1357 909 1438 955 Dei

62 992 175 1039 saepe
198 984 360 1020 tentata
389 985 452 1020 est
466 1012 477 1031 ,
507 991 608 1019 cum
629 973 820 1019 carnales
846 973 1042 1019 homines
1064 973 1110 1020 id
1130 975 1300 1023 facilius
1317 979 1439 1025 acci-

0 1058 1 1062 ’
60 1045 190 1110 piunt
208 1045 327 1109 quod
340 1044 486 1091 videre
507 1047 854 1090 consueverunt.3
881 1044 988 1090 Ausi
1005 1055 1105 1090 sunt
1124 1047 1239 1093 enim
1259 1049 1442 1112 quidam

63 1114 229 1161 dicere:
256 1116 398 1176 Major
416 1126 478 1160 est
494 1115 623 1160 Pater
645 1113 775 1170 Filio,
804 1125 846 1159 et
865 1114 1076 1178 praecedit
1098 1133 1196 1162 eum
1218 1127 1410 1182 tempore
1427 1138 1440 1165 ε

62 1184 108 1232 id
132 1197 215 1243 est,
233 1189 370 1246 major
392 1196 454 1231 est
476 1185 584 1230 Filio
604 1185 751 1240 Pater,
771 1195 813 1230 et
836 1185 978 1230 minor
995 1196 1057 1230 est
1080 1186 1208 1232 Patre
1230 1187 1381 1246 Filius,
1399 1201 1442 1236 et

64 1274 87 1301 a
122 1257 250 1302 Patre
288 1256 333 1302 in
375 1267 569 1319 tempore
607 1254 887 1318 praeceditur.
930 1256 987 1300 Et
1021 1256 1081 1302 sic
1117 1256 1371 1320 disputant:
1397 1260 1445 1307 Si

65 1337 189 1372 natus
212 1337 301 1382 est,
343 1327 491 1389 utique
522 1336 613 1370 erat
633 1326 764 1370 Pater
805 1336 1039 1388 antequam
1076 1326 1208 1372 Filius
1239 1328 1301 1374 illi
1339 1342 1446 1377 esset

0 1408 1 1428 i
65 1407 204 1443 natus.
237 1394 459 1440 Attendite
484 1413 494 1440 ι
523 1394 635 1440 adsit
656 1395 748 1457 ipse
769 1394 895 1440 nobis
910 1431 921 1451 ,
946 1395 1256 1454 adjuvantibus
1282 1402 1448 1447 oratio-

0 1465 1 1475 ¹
65 1465 194 1512 nibus
231 1465 408 1522 vestris,
451 1475 493 1510 et
531 1465 605 1528 pia
641 1464 879 1510 intentione
926 1464 1120 1544 excipere
1166 1469 1449 1532 cupientibus

66 1537 213 1601 quod
203 1554 294 1601 ipse
311 1536 555 1592 donaverit,
578 1534 728 1599 quod
717 1553 809 1599 lpse
831 1537 1118 1596 suggesserit:
1147 1539 1260 1585 adsit
1288 1542 1443 1602 nobis,

0 1610 2 1666 j
67 1619 114 1654 ut
148 1607 365 1672 possimus
402 1623 581 1671 quoquo
623 1605 755 1652 modo
793 1606 1007 1671 explicare
1048 1609 1168 1672 quod
1206 1613 1439 1676 coepimus.

0 1670 2 1716 ἶ
66 1679 256 1735 Tamen,
277 1678 453 1735 fratres,
480 1688 578 1724 ante
598 1677 727 1734 dico,
751 1677 786 1723 si
808 1695 896 1723 non
914 1688 1099 1742 potuero
1119 1698 1196 1741 ego
1216 1683 1445 1747 explicare,

0 1804 3 1812 .
67 1766 154 1796 non
171 1716 383 1795 rationem
396 1749 581 1813 putetis,
605 1747 680 1794 sed
706 1747 932 1794 hominem
950 1748 1167 1799 defecisse.
1196 1753 1349 1817 Itaque
1372 1773 1450 1802 vos

67 1818 220 1866 hortor
249 1830 292 1865 et
315 1819 527 1884 deprecor
556 1829 605 1865 ut
634 1818 789 1864 oretis:
822 1818 935 1865 adsit
966 1819 1259 1869 misericordia
1284 1825 1388 1884 Dei,
1408 1839 1452 1873 et

67 1890 126 1936 ita
145 1907 236 1936 rem
260 1909 281 1936 a
303 1891 430 1937 nobis
450 1890 540 1936 dici
565 1889 722 1947 faciat,
748 1900 798 1936 ut
819 1907 895 1936 vos
919 1890 1070 1937 audire
1094 1905 1288 1957 oportet,
1311 1907 1354 1943 et
1372 1916 1450 1946 nos

12 1973 16 1976 ⁴
69 1960 224 2009 dicere.
249 1961 346 2008 Hoc
369 1979 469 2022 ergo
487 1961 548 2007 illi
564 1961 746 2007 dicunt:
772 1961 818 2008 Si
846 1961 977 2008 Filius
1004 1963 1084 2009 Dei
1106 1976 1190 2021 est,
1211 1978 1337 2014 natus
1367 1980 1445 2018 est.

72 2031 167 2078 Hoc
195 2032 394 2079 fatemur.
425 2033 521 2078 Non
540 2032 654 2077 enim
670 2043 778 2078 essct
804 2032 938 2079 Filius
955 2070 966 2089 ,
989 2033 1025 2079 si
1054 2046 1181 2081 natus
1209 2055 1297 2084 non
1325 2051 1446 2088 esset.

7 2129 11 2147 ³
72 2102 350 2149 Manifestum
371 2113 456 2159 est,
479 2102 672 2149 admittit
694 2102 823 2159 fides,
848 2104 1066 2166 approbat
1090 2106 1281 2154 Ecclesia
1299 2110 1453 2157 catho-

2 2190 7 2200 ’
73 2173 179 2231 lica,
213 2192 364 2220 verum
401 2184 476 2221 est.
522 2173 781 2234 Adjungunt
818 2173 1006 2220 deinde:
1038 2176 1083 2222 Si
1108 2189 1234 2225 natus
1252 2191 1314 2225 est
1330 2181 1455 2229 Patri

5 2262 8 2307 f
76 2245 229 2302 Filius,
268 2257 358 2292 erat
397 2246 527 2292 Pater
554 2257 785 2310 antequam
814 2245 852 2291 ci
884 2245 1014 2291 Filius
1054 2260 1315 2298 nasceretur.
1354 2252 1452 2299 Hoc

6 2311 11 2345 ἶ
74 2316 236 2380 respuit
260 2316 388 2373 fides,
430 2327 641 2380 respuunt
680 2334 799 2362 aures
834 2315 1092 2374 catholicae,
1127 2320 1448 2379 anathematur,

8 2392 13 2418 '¹
74 2397 187 2434 extra
206 2398 268 2434 est
292 2387 368 2453 qui
391 2387 478 2434 hoc
498 2388 635 2451 sapit,
666 2405 752 2434 non
776 2388 964 2452 pertinet
988 2388 1042 2434 ad
1068 2391 1451 2455 participationem

9 2487 10 2493 =
75 2459 406 2523 societatemque
423 2470 685 2506 sanctorum.
703 2461 816 2519 Ergo
829 2458 909 2505 ait:
928 2460 1157 2506 Rationem
1174 2462 1284 2510 mihi
1298 2465 1450 2522 redde,

75 2530 294 2593 quomodo
325 2540 367 2576 et
392 2529 524 2577 Filius
543 2529 689 2594 potuit
711 2530 830 2576 nasci
848 2530 991 2586 Patri,
1012 2541 1054 2576 et
1072 2547 1244 2579 coaevus
1262 2551 1349 2580 esse
1371 2536 1411 2582 ei
1428 2554 1453 2583 a

12 2620 16 2663 g
76 2618 163 2666 quo
186 2612 312 2647 natus
331 2604 424 2647 est?

140 2672 239 2720 Vll,
279 2672 337 2717 Et
357 2672 464 2734 quid
481 2672 681 2727 facimus,
701 2672 869 2720 fratres.
894 2672 1069 2735 quando
1088 2674 1337 2721 carnalibus
1359 2676 1456 2742 spi-

1278 2764 1318 2795 2.
