1866 3241
436 388 530 438 226
840 401 874 437 s,
917 407 1156 438 Aueusrml
1194 404 1389 439 EPlsCOPI

434 470 558 518 bitur
589 488 684 535 spes
717 482 886 528 nostra,
922 483 1028 517 tune
1067 473 1361 536 complebitur
1393 472 1523 518 etiam
1548 466 1800 532 justificatio

431 552 591 588 nostra.
629 541 773 598 Quam
805 540 1097 603 completurus
1130 542 1356 599 Dominus,
1390 542 1497 604 quid
1527 559 1696 605 sperare
1718 541 1800 586 de—

432 611 629 668 beamus,
657 610 844 656 ostendit
859 611 905 655 in
924 628 1050 656 earne
1069 628 1142 656 sua
1163 611 1267 673 (hoe
1284 622 1363 667 est,
1384 612 1430 657 in
1448 613 1590 675 capite
1612 611 1797 673 nostro),
1859 628 1866 674 t

433 680 482 727 in
505 698 590 744 qua
611 681 835 727 resUrrexit
861 692 904 725 et
926 681 1118 726 aseendit
1141 681 1195 726 ad
1218 682 1406 728 Patrem.
1440 683 1554 737 Quia
1577 683 1636 727 sie
1659 682 1802 744 scrip-

436 761 531 798 tum
553 763 642 797 est:
665 773 685 793 α
706 751 909 796 Traditus
933 762 995 796 est
1019 762 1198 814 propter
1221 751 1378 796 delicta
1401 763 1544 796 nostra
1558 789 1568 807 ‚
1594 763 1636 797 et
1659 768 1804 797 resur-

435 842 457 863 >³
475 822 581 867 rexit
603 832 782 884 propter
798 821 1153 879 justificationem
1176 820 1407 867 nosti-anfi.
1433 843 1452 862 »
1473 823 1678 881 Arguitur
1704 838 1803 881 ergo

436 891 663 938 mundus«
683 892 747 936 De
771 902 969 954 peccato,
992 912 1012 931 »
1029 891 1074 936 in
1097 891 1154 935 eis
1179 892 1255 954 qui
1282 908 1368 936 non
1387 891 1569 936 eredunt
1585 893 1630 937 in
1649 892 1803 937 Chris-

437 973 532 1007 tum
555 980 566 1006 :
589 983 609 1004 «
633 963 689 1007 Et
711 961 763 1006 de
781 962 949 1020 justitia
964 998 974 1016 ‚
997 983 1017 1002 »
1040 961 1087 1006 in
1111 961 1168 1006 eis
1189 962 1264 1023 qui
1286 972 1511 1021 resurgunt
1530 963 1575 1007 in
1601 962 1806 1006 membris

439 1032 619 1078 Christi.
648 1032 771 1077 Unde
797 1032 966 1077 dietum
988 1043 1049 1076 est
1068 1049 1078 1076 t
1100 1053 1120 1073 «
1141 1033 1199 1076 Ut
1224 1050 1300 1077 nos
1321 1033 1451 1077 simus
1468 1033 1634 1091 justitia
1658 1033 1737 1077 Dei
1760 1032 1804 1077 in
1853 1031 1855 1033 ’

439 1121 460 1143 »
478 1102 616 1165 ipso2.
648 1123 668 1143 »
696 1102 742 1146 Si
768 1102 881 1147 enim
910 1119 998 1147 non
1023 1101 1067 1146 in
1097 1102 1210 1165 ipso,
1244 1101 1362 1146 nullo
1389 1102 1518 1146 modo
1546 1102 1726 1160 justitia.
1761 1102 1805 1145 Si

440 1183 584 1217 autem
606 1172 652 1217 iu
674 1172 786 1235 ipso,
814 1183 929 1216 totus
952 1172 1181 1217 nobiseum
1204 1171 1326 1217 vadit
1349 1171 1404 1216 ad
1427 1172 1618 1227 Patrem,
1645 1181 1687 1216 et
1709 1171 1806 1215 haec
1848 1172 1854 1218 .·”

436 1238 695 1305 implebitur
716 1242 761 1287 in
784 1242 910 1287 nobis
933 1241 1123 1304 perfecta
1141 1242 1322 1299 justitia.
1345 1243 1528 1304 Propter
1544 1241 1630 1286 hoc,
1649 1252 1723 1286 et«
1740 1241 1806 1290 ,De

439 1333 461 1354 »
475 1312 643 1370 judicio
662 1333 681 1352 >2
700 1311 887 1356 mundus
901 1312 1109 1371 arguitur,
1126 1333 1146 1351 α
1162 1311 1276 1366 Quia
1292 1312 1496 1374 princeps
1514 1309 1808 1369 hujusmundi
1839 1314 1849 1370 fi

440 1385 567 1440 »jam
591 1381 812 1440 judicatus
843 1392 930 1426 est:
950 1403 969 1422 ›>
989 1380 1033 1425 id
1064 1391 1142 1437 est,
1178 1380 1376 1426 diabolus
1408 1381 1610 1444 princeps
1640 1380 1807 1441 iniquo-
1844 1409 1848 1415 ·

439 1468 557 1507 rum,
589 1451 665 1514 qui
693 1450 821 1495 corde
845 1468 932 1495 non
958 1450 1163 1494 habitant
1183 1451 1264 1495 nisi
1291 1451 1336 1495 in
1360 1451 1445 1495 hoc
1471 1449 1652 1505 mundo,
1680 1466 1807 1511 quem
1842 1489 1844 1494 ,

441 1520 644 1580 diligunt,
671 1530 714 1564 et
734 1519 831 1564 ideo
857 1519 1044 1563 mundus
1069 1530 1282 1564 vocantur
1298 1538 1308 1563 t
1325 1521 1436 1564 sieut
1457 1529 1602 1563 nostra
1624 1535 1807 1563 conver-
1842 1565 1844 1570 λ

442 1590 550 1635 satio
577 1590 623 1634 in
647 1588 769 1634 coelis
793 1599 880 1643 est,
907 1588 941 1632 si
962 1589 1308 1633 resurrexerimus
1337 1605 1437 1633 eum
1467 1587 1656 1634 Christo.
1696 1589 1807 1646 Ergo
1840 1596 1842 1639 J

443 1658 811 1722 quemadmodum
834 1657 1080 1707 nobiscum„
1101 1657 1144 1702 id
1171 1669 1248 1713 est,
1274 1676 1374 1703 eum
1398 1675 1578 1721 corpore
1601 1675 1676 1703 suo
1700 1673 1808 1702 unus
1836 1664 1840 1689 5

443 1741 507 1774 est
537 1729 734 1773 Christus
750 1745 759 1773 :
777 1728 836 1773 sie
862 1744 963 1772 cum
988 1727 1190 1771 omnibus
1212 1727 1358 1789 impiis
1384 1728 1543 1789 quibus
1567 1738 1700 1790 caput
1726 1737 1804 1782 est,
1830 1730 1839 1777 ’,

445 1816 543 1846 cum
569 1798 759 1861 quodam
782 1815 962 1860 corpore
980 1814 1054 1841 suo
1074 1814 1183 1842 unus
1206 1808 1267 1842 est
1290 1797 1501 1844 diabolus.
1532 1798 1808 1859 Quapropter
1834 1831 1836 1833 -

443 1872 557 1918 sleut
574 1886 650 1914 nos
672 1885 760 1913 non
782 1884 1065 1930 separamura
1075 1868 1257 1925 justitia,
1281 1867 1333 1912 de
1352 1885 1436 1929 qua
1454 1868 1660 1913 Dominus
1683 1866 1804 1911 dixit:

443 1965 465 1986 «
485 1942 599 1999 Quia
621 1939 676 1986 ad
703 1939 875 1982 Patrem
904 1937 1044 1981 vado:
1064 1958 1083 1977 »
1116 1938 1175 1982 sic
1204 1938 1329 1999 impii
1358 1955 1446 1982 non
1469 1947 1721 1999 separantur
1754 1935 1808 1980 ab
1830 1954 1834 2002 j
1863 1976 1866 1993 Q

446 2012 519 2059 illo
533 2009 717 2070 judieiQ
745 2006 798 2052 de
823 2023 908 2070 quo
933 2006 1066 2051 dixit:
1088 2028 1108 2047 α
1132 2006 1244 2061 Quia
1269 2007 1473 2070 princeps
1502 2006 1631 2065 hujus
1662 2003 1832 2051 muudi¹
1863 2045 1865 2047 ,

449 2085 574 2142 »jam
592 2079 812 2139 judicatus
833 2088 907 2125 est.
927 2098 948 2119 ›>

499 2198 510 2222 ¹
531 2201 621 2229 Rom.
637 2207 681 2235 ιν,
702 2197 755 2231 25.
777 2193 850 2220 -2
868 2206 885 2226 2
901 2198 977 2228 Cor.
995 2206 1024 2231 v,
1045 2205 1101 2228 αι,
