1866 3241
131 284 272 315 sunno
309 285 444 325 cnvu,
484 285 540 314 DE
575 285 736 314 venms
774 285 928 316 APOST.
972 288 1077 317 nou.
1123 288 1220 318 vm.
1296 273 1381 330 341

10 351 134 397 nobis
157 351 313 407 donat,
342 362 384 396 et
402 351 644 397 mercedem
668 351 845 415 insuper
867 351 1015 411 largiri
1036 353 1255 413 dignatur.
1278 354 1392 411 Quae

9 431 72 467 est
88 421 161 466 illa
180 424 367 467 merces?
390 422 645 468 Haereditas.
673 421 757 467 Sed
776 439 863 467 non
882 423 1103 484 quomodo
1123 434 1185 468 est
1204 424 1394 469 hominis

8 492 142 556 patris
164 491 408 538 haereditas.
442 490 669 555 Relinquit
691 492 806 537 enim
826 492 925 537 filiis
949 491 1059 548 suis,
1090 510 1176 537 non
1202 494 1393 556 possidet

10 578 109 609 cum
129 561 228 608 filiis
245 562 330 608 suis
352 579 362 606 ε
385 572 426 607 et
450 572 594 607 tamen
612 579 820 622 magnum
845 579 887 608 se
906 562 1040 618 facit,
1066 573 1108 607 et
1133 563 1288 622 gratias
1309 564 1392 609 sibi

10 632 77 694 agi
97 631 312 678 desiderat
327 670 338 689 ‚
359 633 462 696 quia
489 632 629 678 voluit
651 632 752 679 dare
781 631 901 696 quod
925 650 1014 678 non
1041 633 1177 696 possit
1205 633 1384 681 auferre.

10 703 196 748 Moriens
219 703 334 749 enim
358 703 526 749 tolleret
544 707 721 750 secum?
748 704 862 749 Puto
889 704 992 767 quia
1023 704 1057 749 si
1087 714 1250 767 posset,
1279 704 1393 750 nihil

10 773 84 820 hic
114 773 213 819 filiis
243 774 330 819 suis
359 774 601 821 dimisisset.
645 774 849 820 Haeredes
878 775 959 820 Dei
994 775 1053 820 sic
1078 786 1202 829 sunt,
1232 786 1280 820 ut
1299 775 1392 838 ipse

11 844 126 889 Deus
143 844 196 889 sit
214 844 448 890 haereditas
473 855 617 890 nostra
632 883 643 901 ,
662 845 734 890 cui
756 845 865 890 dicit
888 844 1082 891 Psalmus
1100 865 1112 898 3
1138 866 1157 887 «
1177 845 1392 890 Dominus

12 932 149 979 »pars
174 915 444 961 haereditatis
461 915 610 963 mea-31.
642 916 848 962 Haeredes
871 916 1048 979 quidem
1075 917 1185 962 Dei:
1210 938 1229 958 »
1255 917 1286 962 si
1306 934 1391 980 pa-

9 1001 106 1030 rum
128 985 254 1032 vobis
277 996 339 1031 est
354 1023 364 1042 ‚
390 986 535 1032 audite
551 1024 562 1043 ,
587 1003 674 1050 quo
701 986 887 1050 amplius
911 987 1133 1047 gaudeatis
1155 1004 1166 1032 ε
1195 1009 1215 1029 «
1235 987 1391 1032 Haere—

9 1056 118 1101 »des
146 1055 323 1119 quidem
348 1057 450 1113 Dei,
477 1056 725 1103 cohaeredes
752 1067 897 1103 autem
928 1056 1105 1104 Christi.
1135 1079 1156 1099 ›>
1178 1056 1388 1103 Conversi

9 1126 64 1173 ad
89 1126 351 1184 Dominum,
379 1137 461 1173 etc.

11 1320 1115 1334 “Qussmmnsswsuzttsmxmsssmzmtmffl§.mmzzxu
1121 1320 1239 1331 xmus-1
1245 1319 1363 1331 xxixna·

3 1341 6 1380 1

4 1387 7 1417 ι
466 1449 672 1495 SERMO
709 1448 872 1495 CLVII
897 1449 931 1495 2.

50 1622 72 1651 e
91 1604 234 1650 verbis
251 1603 473 1668 Apostoli,
495 1603 623 1650 Rom.
648 1618 749 1649 vm.
780 1604 873 1666 Spe
903 1600 1165 1661 salvifhcti
1192 1618 1390 1647 sumus:

10 1734 13 1802 ι
182 1693 290 1739 spes
314 1686 474 1721 autem
499 1691 610 1738 qzcoe
633 1674 838 1729 videtur,
866 1689 964 1718 non
989 1683 1061 1717 est
1081 1690 1206 1736 spes.

72 1832 106 1878 Ι.
139 1830 274 1877 51ch
287 1827 545 1894 Apostolum
568 1826 719 1872 dixisse
742 1824 941 1870 meminit
969 1823 1186 1869 Sanctitas
1210 1823 1359 1870 Vestra
1375 1863 1385 1881 ‚

26 1913 157 1949 ratres
188 1900 449 1956 charissimi,
473 1921 493 1941 «
515 1898 601 1962 Spe
613 1897 719 1942 salvi
751 1895 856 1942 facti
880 1911 1028 1940 sumus
1052 1912 1062 1939 ε
1092 1895 1199 1958 Spes
1213 1906 1359 1940 autem
1374 1933 1385 1952 ‚

20 1973 210 2037 ›inquit‚
240 1988 341 2035 quae
362 1970 561 2025 Videtur,
587 1985 677 2013 non
704 1977 768 2013 est
799 1983 907 2029 spes,
950 1965 1083 2022 Quod
1120 1966 1234 2011 enim
1270 1966 1389 2012 videt

0 2080 2 2086 ,
21 2064 32 2086 ›
47 2044 166 2108 quis,
191 2042 299 2106 quid
324 2043 494 2103 sperat)
519 2039 565 2083 Si
588 2048 731 2083 autem
751 2035 871 2099 quod
892 2052 981 2080 non
997 2035 1193 2080 videnms
1207 2073 1217 2091 ‚
1245 2053 1388 2099 spera-

0 2131 165 2170 mmus,
192 2129 270 2177 per
298 2109 553 2175 patientiam
572 2105 887 2172 expectamus-³.
909 2126 929 2146 »
948 2105 1064 2150 Hinc
1090 2106 1215 2151 vobis
1228 2106 1388 2151 exhor-

0 2201 4 2230 ῑ
24 2185 215 2230 ,atorium
235 2192 278 2227 et
300 2179 637 2227 consolatorium
671 2176 871 2241 praebere
895 2192 1158 2232 sermonem,
1187 2175 1391 2221 admonet

42 2272 87 2301 os
111 2255 202 2319 ipse
224 2252 439 2298 Dominus
470 2251 588 2295 Deus
610 2259 778 2304 noster,
812 2246 883 2292 cui
911 2246 1073 2291 dicitur
1104 2246 1150 2291 in
1173 2246 1345 2292 Psalmo
1374 2264 1386 2292 ι

0 2346 36 2389 μ
55 2326 161 2390 Spes
195 2341 292 2370 mea
323 2340 366 2368 es
406 2333 481 2379 tu,
513 2320 658 2385 portio
698 2336 794 2365 mea
825 2318 872 2364 in
907 2327 1020 2363 terra
1061 2316 1342 2364 viventium.
1367 2338 1389 2360 »

0 2415 6 2438 ,ι
36 2412 135 2458 pse,
160 2395 363 2457 inquam,
400 2391 477 2455 qui
507 2407 602 2455 spes
635 2400 782 2435 nostra
811 2397 873 2432 est
904 2387 950 2433 in
980 2397 1093 2432 terra
1120 2387 1385 2445 viventium,

0 2487 9 2505 r
31 2465 136 2510 ubet
151 2475 201 2510 ut
216 2480 292 2511 vos
310 2462 584 2526 alloquamur
600 2461 646 2506 in
663 2460 749 2505 hac
771 2469 885 2504 terra
901 2457 1180 2503 morientium
1201 2475 1212 2504 ε
1236 2469 1284 2504 ut
1301 2477 1390 2505 non

66 2575 78 2598 ¹
96 2576 177 2608 Psal.
194 2587 250 2618 κν,
272 2573 379 2607 5.—-²
391 2574 479 2608 Alias
495 2584 599 2616 xxm,
614 2573 654 2606 de
675 2571 780 2604 verbis
794 2569 951 2615 Apostoli.
964 2587 1013 2595 —
1025 2567 1040 2592 ³
1052 2573 1147 2603 Rom.
1164 2581 1240 2611 vm,
1259 2577 1316 2614 ⁹4,
1334 2573 1390 2605 25.

26 2637 62 2673 q—
72 2627 88 2653 ⁴
103 2631 183 2663 Psal.
197 2641 286 2673 cxu,
301 2629 333 2662 ὃ.
