1866 3241
405 315 494 372 ‘2536
818 337 853 367 s.
897 336 1137 366 Atious'rixl
1174 330 1374 366 Emscorl

402 402 602 456 audistis3
623 412 663 446 et
682 400 947 458 fluctuastis,
975 402 1008 446 si
1033 400 1273 446 advertistis
1294 419 1304 454 3
1327 409 1401 444 aut
1434 399 1467 443 si
1489 395 1623 462 aliqui
1641 407 1682 441 et
1699 391 1769 443 in·-

402 472 635 528 allexistis,
679 488 809 534 quam
848 473 901 517 sit
936 471 1122 516 arduum
1164 470 1252 514 sine
1284 468 1554 513 dubitatione
1585 467 1764 514 vidistis.
1822 515 1824 517 ,

404 544 528 588 lianc
552 543 695 606 itaque
712 541 937 587 lectionem
961 552 1183 603 totumque
1204 540 1347 602 ipsum
1369 538 1594 584 molestum
1619 548 1662 582 et
1677 536 1772 582 obs-

403 631 576 668 curum,
602 612 674 657 sed
690 611 1032 671 intelligentibus
1052 610 1267 655 salubrem
1283 608 1488 672 Epistolze
1506 607 1699 671 Apostoli
1714 606 1774 665 lo7

404 701 502 728 eum
528 682 793 745 suscepimus
813 719 823 735 ,
852 681 1084 740 adjtlvante
1115 678 1407 725 misericordia
1440 679 1543 734 Dei,
1571 693 1775 742 exponere

406 751 662 798 disserendo.
689 750 898 796 Charitati
917 751 1075 795 Vestrae
1095 749 1310 794 debitores
1328 765 1404 793 nos
1421 765 1506 792 esse
1529 748 1614 793 scio
1627 784 1638 803 ,
1659 763 1776 791 exae-

407 835 517 868 tores
537 839 611 869 vos
630 837 716 865 esse
740 821 889 866 sentio.
917 819 1298 877 Quemadmodum
1320 836 1422 874 nos,
1458 829 1506 863 ut¹
1528 818 1607 862 ista
1631 816 1777 880 perci-

406 894 560 957 piatis,
600 908 769 937 oramus
795 908 806 935 ε
834 891 892 936 sie
918 902 959 935 et
988 908 1063 936 vos
1093 901 1235 946 orate,
1259 900 1312 934 -ut
1348 906 1395 934 ea
1423 888 1546 934 vohis
1570 886 1779 950 explicare

408 963 637 1008 x‘aleainus.
670 961 714 1006 Si
739 961 852 1006 enim
884 961 1021 1005 oratio
1046 970 1189 1005 nostra
1209 959 1465 1011 concorden
1489 968 1530 1002 et
1557 973 1630 1003 vos
1652 955 1779 1001 faciet

409 1034 524 1078 Deus
548 1032 723 1077 idoneos
755 1030 993 1086 auditores,
1024 1041 1064 1074 et
1094 1047 1170 1075 nos
1191 1029 1327 1074 debiti
1356 1029 1488 1087 hujus
1511 1025 1776 1073 fidelissimos

411 1102 662 1147 redditores.

479 1173 535 1219 ll.
580 1192 601 1212 «
631 1171 744 1216 Cum
784 1171 898 1216 enim
932 1188 1114 1216 essemus
1150 1170 1193 1215 in
1232 1187 1382 1223 carne,
1430 1168 1489 1213 ait
1524 1165 1777 1230 Apostolus,

413 1264 433 1284 )>
450 1242 663 1305 passiones
681 1251 959 1304 peccatorum
979 1258 1077 1304 quae
1094 1257 1171 1303 per
1184 1241 1338 1299 Legem
1354 1248 1469 1295 sunt,
1491 1235 1782 1300 operabantur
1832 1283 1833 1292 ἵ

414 1336 433 1355 ›>
451 1316 494 1358 in
519 1312 724 1357 membris
752 1313 905 1358 nostris
925 1350 935 1367 ‚
974 1323 1022 1357 ut
1049 1312 1241 1357 fructum
1272 1310 1432 1356 ferrent
1459 1305 1629 1354 morti1.
1654 1328 1674 1348 >³
1699 1306 1782 1352 Hic

412 1383 601 1438 videtur,
625 1381 767 1445 (quod
791 1381 1233 1440 nonintelligentibus
1249 1380 1440 1443 primum
1460 1389 1502 1424 et
1526 1376 1685 1438 grande
1701 1394 1782 1440 pe·-
1832 1381 1835 1406 J

413 1452 600 1498 riculum
625 1451 731 1514 est‚)
757 1451 988 1514 Apostolus
1014 1451 1328 1514 reprehendere
1361 1461 1402 1495 et
1425 1448 1603 1512 culpare
1627 1449 1784 1507 Legem

412 1522 506 1568 Dei.
542 1521 658 1565 Dicit
691 1520 845 1583 aliquis
878 1538 888 1565 ε
919 1521 1043 1565 Absit
1074 1521 1159 1565 hoc
1193 1520 1248 1563 ab
1285 1520 1427 1564 animo
1458 1517 1783 1581 qualiscumque

416 1590 653 1636 Christiani
674 1607 684 1634 :
713 1590 809 1652 quis
835 1590 920 1634 hoc
940 1589 1008 1634 vel
1031 1590 1203 1634 insanus
1223 1589 1377 1634 audeat
1396 1588 1448 1633 de
1472 1587 1678 1650 Apostolo
1697 1604 1782 1632 sus-
1834 1602 1837 1648 j

414 1660 578 1724 picari?
607 1660 663 1703 Et
681 1669 849 1715 tamen,
872 1660 1021 1704 iratres
1040 1659 1122 1703 mei
1137 1696 1147 1715 ‚
1169 1659 1300 1704 verba
1323 1659 1402 1703 ista
1422 1657 1531 1703 male
1549 1656 1779 1713 intellecta,

415 1729 609 1775 fomitem
631 1728 812 1773 insaniae
839 1728 974 1773 furori
1004 1728 1349 1773 Manichaeorum
1382 1727 1776 1774 sulnninistrarunt.
1836 1718 1837 1758 l

417 1798 655 1844 Manichaei
687 1798 801 1843 enim
835 1799 992 1858 Legem
1018 1798 1099 1843 Dei
1127 1815 1204 1861 per
1235 1800 1411 1861 Moysen
1435 1798 1603 1854 datam,
1631 1797 1785 1843 dicunt

418 1887 505 1914 non
523 1887 546 1913 a
563 1869 654 1913 Deo
677 1867 824 1913 datam
839 1906 850 1925 ‚
870 1880 912 1914 et
934 1886 1027 1914 eam
1048 1868 1277 1928 Evangelio
1302 1869 1560 1914 contrariam
1579 1885 1664 1914 esse
1683 1885 1784 1913 con-

417 1939 613 1985 tendunt.
649 1939 704 1982 Et
723 1939 898 2001 quando
918 1956 1018 1984 eum
1037 1940 1094 1984 eis
1114 1940 1270 1998 agitur,
1303 1940 1370 1985 his
1388 1939 1638 1985 testimoniis
1662 1955 1785 2001 apos-

418 2009 492 2055 toli
523 2008 648 2054 Pauli
679 2026 779 2072 quae
813 2026 902 2054 non
937 2009 1210 2069 intelligunt,
1251 2020 1463 2055 conantur
1501 2009 1780 2066 convincere,

416 2080 522 2143 quid
545 2079 687 2125 dicam
704 2117 714 2136 ,
744 2080 994 2126 Catholicos
1016 2098 1104 2126 non
1120 2080 1426 2141 intelligentes,
1460 2091 1502 2125 et
1529 2097 1616 2126 non
1639 2079 1784 2144 potius

416 2150 703 2210 negligentes?
724 2151 823 2195 Non
842 2150 957 2196 enim
983 2151 1166 2196 multum
1185 2162 1267 2208 est,
1296 2152 1329 2196 si
1349 2151 1445 2214 quis
1464 2150 1568 2197 velit
1585 2167 1670 2195 esse
1687 2149 1784 2210 dili-

416 2239 516 2281 gens
529 2257 540 2278 ,
567 2231 667 2285 post
690 2219 928 2266 calumnias
953 2222 1009 2266 ab
1028 2222 1235 2267 haeretico
1255 2221 1423 2266 auditas
1439 2259 1449 2278 ,
1478 2221 1626 2267 saltem
1646 2220 1784 2266 consi-

415 2292 562 2337 derare
574 2291 620 2336 in
635 2289 783 2336 codice
801 2291 1173 2336 circumstantiam
1190 2290 1398 2337 lectionis,
1420 2291 1550 2347 Quod
1566 2291 1600 2335 si
1616 2289 1781 2344 fecerim
1840 2282 1842 2295 '

417 2362 476 2407 ibi
497 2379 593 2407 mox
613 2361 801 2407 inveniet
824 2360 938 2406 unde
958 2361 1248 2407 adversarium
1273 2361 1501 2425 loquacem
1532 2360 1780 2420 redarguat3

417 2432 529 2476 unde
551 2432 693 2477 hostes
715 2431 838 2491 Legis
858 2430 1119 2494 rebellesque
1144 2442 1401 2495 prosternat.
1436 2432 1527 2477 Etsi
1549 2431 1663 2477 enim
1688 2440 1783 2475 tar-

414 2501 493 2547 dus
512 2511 573 2546 est
590 2501 644 2547 ad
663 2500 941 2562 intelligenda
962 2501 1096 2549 verba
1112 2500 1336 2566 Apostoli,
1358 2500 1583 2548 manifesta
1609 2500 1673 2548 ibi
1690 2499 1784 2553 laus
1842 2555 1843 2558 Ἰ

410 2583 470 2618 est
493 2589 685 2637 expressa
701 2572 828 2633 Legis
853 2572 946 2619 Dei.

454 2661 463 2688 ⁸
482 2663 573 2695 Rom.
594 2671 651 2701 vu,
672 2661 702 2699 5,
718 2665 749 2693 et
762 2660 871 2694 Florus
887 2659 1017 2699 ibidem.
