1866 3241
406 280 468 336 34
825 296 859 325 s.
902 294 1142 328 Auousrrnr
1181 298 1381 328 Eerscopr

406 370 475 405 tus
507 359 693 405 Joannes
725 359 981 420 evangelista
1016 361 1060 407 in
1096 363 1191 408 sinu
1230 363 1406 409 Domini
1443 363 1762 413 discumbebat.

405 429 536 487 Quod
571 439 715 494 aperte
746 447 951 493 exponere
976 431 1147 487 voleus,
1176 432 1235 477 ait
1257 449 1268 477 :
1290 453 1311 473 α
1334 433 1474 496 Super
1499 445 1650 497 pectus
1677 436 1770 480 Do·-

399 520 423 543 »
445 500 550 546 mini
575 517 587 545 z
614 521 634 541 »
660 510 710 545 ut
731 499 1062 560 intelligeremus
1086 501 1192 564 quid
1225 501 1401 559 dixerit,
1421 524 1441 544 «
1465 505 1515 548 ln
1547 504 1642 550 sinu
1675 506 1769 550 Do-

397 591 420 612 »
442 569 589 617 mini1.
616 591 636 611 a)
657 569 734 615 Ille
752 570 866 616 enim
892 571 967 633 qui
991 588 1120 634 super
1144 582 1296 635 pectus
1321 573 1496 618 Domini
1514 573 1768 619 discumbe-

394 639 495 696 bat,
514 650 720 704 putamus
737 639 844 702 quid
865 640 1074 686 bibebat?
1094 643 1191 686 bon
1206 652 1408 704 putemus
1421 679 1431 697 ,
1450 642 1521 687 sed
1536 653 1734 705 potemus
1753 661 1763 688 :

390 710 524 757 modo
545 711 657 756 enim
681 720 722 755 et
741 726 819 754 nos
847 709 1093 755 audivimus
1114 711 1231 774 quod
1249 711 1468 758 bibamus,

458 781 517 827 ll.
560 802 580 822 «
603 781 655 825 ln
678 779 899 843 principio
916 790 1007 826 erat
1028 780 1240 836 Verbum,
1261 791 1303 825 et
1320 781 1513 826 Verbum
1535 793 1624 827 erat
1648 783 1767 846 apud

390 873 411 893 n
435 851 596 905 Deum,
612 861 654 895 et
675 850 791 895 Deus
812 860 903 894 erat
923 849 1133 896 Verbum.
1154 871 1174 891 »
1193 850 1231 894 O
1246 850 1509 913 preedicare!
1533 869 1558 896 o
1576 852 1766 911 saginam

390 920 610 966 Dominici
626 919 814 983 pectoris
823 929 1051 965 eructuare
1064 920 1074 965 l
1098 941 1118 961 α
1137 921 1149 963 l
1159 937 1186 964 n
1196 920 1337 983 princi
1343 920 1416 983 pio
1426 931 1516 965 erat
1529 921 1734 968 Verbum.
1745 943 1765 963 ))

392 990 513 1046 Quid
525 990 682 1052 quaeris
697 988 804 1051 quid
820 999 918 1034 ante
938 992 1056 1034 erat?
1077 1010 1098 1030 (ε
1124 991 1173 1034 ln
1190 989 1411 1053 principio
1429 1000 1518 1035 erat
1529 990 1768 1037 Verbum.»

392 1060 440 1105 Si
459 1059 624 1105 factum
643 1069 751 1103 esset
768 1058 962 1103 Verbum
997 1058 1110 1121 (non
1134 1069 1195 1103 est
1221 1059 1333 1103 enim
1361 1059 1524 1104 factum
1547 1077 1625 1123 per
1644 1060 1764 1123 quod

388 1129 504 1176 facta
524 1139 624 1174 sunt
640 1127 829 1190 omnia)‚
856 1128 891 1173 si
912 1128 1077 1173 factum
1093 1138 1198 1173 esset
1214 1128 1403 1173 Verbum
1417 1165 1428 1184 ,
1449 1128 1673 1192 Scriptura
1692 1129 1764 1174 di-

392 1209 507 1244 ceret
528 1216 538 1243 :
567 1200 619 1243 ln
644 1197 865 1261 principio
899 1197 1001 1243 fecit
1025 1199 1141 1242 Deus
1166 1197 1359 1242 Verbum
1381 1215 1392 1241 ε
1416 1198 1634 1260 quomodo
1660 1198 1766 1243 dixit

385 1269 432 1314 in
457 1269 612 1314 Genesi
637 1286 647 1312 z
672 1289 692 1309 «
716 1269 766 1312 ln
787 1267 1008 1330 principio
1031 1267 1133 1313 fecit
1154 1268 1269 1313 Deus
1291 1267 1453 1313 coelum
1471 1279 1512 1313 et
1535 1269 1763 1315 terra1n2.»

389 1340 487 1384 Non
513 1356 612 1398 ergo
642 1338 688 1383 in
719 1337 938 1400 principio
975 1337 1079 1383 fecit
1113 1338 1228 1382 Deus
1264 1337 1480 1391 Verbum3
1515 1339 1640 1400 quia,
1669 1360 1689 1380 ‹<
1714 1341 1762 1384 In

389 1432 411 1452 2>
433 1409 652 1473 principio
673 1418 764 1453 erat
780 1408 987 1454 Verbum.
1013 1428 1033 1448 »
1056 1409 1153 1453 Hoc
1172 1407 1364 1453 Verbum
1388 1407 1507 1471 quod
1529 1409 1574 1453 in
1599 1410 1761 1471 princi-

386 1481 461 1543 pio
485 1490 596 1535 erat,
634 1478 711 1523 ubi
751 1480 867 1523 erat?
909 1477 1096 1540 Sequere
1123 1495 1133 1522 ε
1158 1499 1178 1518 α
1202 1479 1256 1522 Et
1289 1477 1478 1523 Verbum
1516 1489 1605 1523 erat
1643 1479 1761 1541 apud

387 1571 409 1591 υ
437 1551 590 1595 Deum.
617 1570 636 1589 >³
649 1547 733 1592 Sed
743 1546 943 1602 solemus,
958 1546 1172 1592 audiendo
1191 1546 1591 1609 quotidiehumana
1603 1549 1756 1604 verba,

385 1620 470 1667 vile
496 1619 657 1664 habere
680 1634 838 1663 nomen
862 1617 948 1662 hoc
973 1616 1117 1663 Verbi.
1153 1616 1237 1661 Hic
1256 1616 1344 1661 noli
1367 1616 1528 1661 habere
1554 1617 1636 1662 vile
1668 1636 1754 1663 110—-

385 1707 484 1737 men
507 1688 641 1734 Verbi
664 1705 675 1731 2
703 1688 854 1732 «Deus
870 1696 960 1731 erat
971 1686 1177 1732 Verbum.
1223 1686 1342 1742 Hoc,
1382 1686 1427 1731 id
1452 1696 1513 1731 est
1534 1686 1725 1733 Verbum
1740 1727 1751 1745 ,

387 1783 408 1802 »
430 1769 522 1805 erat
542 1759 588 1803 in
612 1756 831 1820 principio
854 1755 972 1819 apud
997 1756 1151 1802 Deum.
1185 1756 1345 1801 Omnia
1367 1773 1444 1820 per
1469 1756 1613 1820 ipsum
1644 1756 1758 1803 facta
1820 1788 1823 1792 -

386 1852 408 1872 »
432 1839 534 1876 sunt
556 1847 567 1873 ι
596 1838 638 1873 et
654 1827 742 1872 sine
764 1827 858 1890 ipso
875 1826 1037 1872 factum
1054 1825 1256 1873 estnihil.
1287 1847 1308 1868 ))

450 1902 534 1946 llI.
579 1896 806 1944 Extendite
846 1897 977 1942 corda
1015 1907 1177 1953 vestra,
1210 1896 1410 1957 adiuvate
1450 1910 1753 1962 paupertatem
1817 1889 1819 1907 ⁸

382 1970 586 2018 sermonis
604 1968 752 2014 nostri.
791 1967 922 2023 Quod
943 1967 1083 2013 dicere
1104 1978 1304 2031 potuero,
1329 1966 1500 2021 audite;
1524 1969 1643 2031 quod
1665 1988 1753 2016 non

381 2053 582 2106 potuero,
613 2039 810 2098 cogitate.
839 2037 950 2096 Quis
967 2037 1311 2101 comprehendat
1334 2037 1527 2098 Verbum
1544 2043 1744 2087 manens?

383 2112 544 2158 Omnia
563 2110 695 2157 verba
728 2118 873 2154 nostra
892 2118 1045 2153 sonant
1064 2119 1105 2153 et
1133 2117 1365 2154 transeunt.
1402 2107 1509 2162 Quis
1544 2117 1748 2173 compre-

379 2181 545 2229 hendat
560 2180 752 2226 Verbum
775 2194 969 2234 manens,
986 2177 1067 2223 nisi
1087 2177 1162 2241 qui
1183 2177 1336 2240 inipso
1351 2179 1522 2223 manet?
1543 2177 1615 2223 Vis
1629 2196 1755 2225 com-
1807 2195 1813 2244 j¹

381 2251 649 2318 prehendere
677 2248 870 2294 Verbum
908 2251 1114 2294 manens?
1141 2247 1239 2293 Noli
1264 2246 1381 2309 sequi
1406 2246 1570 2293 flumen
1594 2248 1747 2296 carnis.

372 2328 484 2370 Caro
505 2321 672 2384 quippe
696 2319 778 2365 ista
806 2317 964 2364 fluvius
981 2328 1042 2363 est
1062 2335 1073 2363 z
1105 2334 1191 2363 non
1211 2317 1323 2362 enim
1341 2327 1499 2363 manet.
1526 2318 1753 2381 Tanquam
1803 2344 1806 2352 ·

370 2396 424 2442 de
448 2393 566 2440 sonte
580 2389 770 2453 quodam
798 2398 957 2434 secreto
980 2399 1146 2434 naturee
1170 2397 1408 2433 nascuntur
1435 2386 1633 2432 homines
1651 2425 1661 2440 ,
1684 2388 1752 2433 vi-

367 2475 479 2513 vunt
506 2461 725 2515 homines,
764 2458 1013 2505 moriuntur
1047 2459 1244 2504 homines
1276 2476 1286 2502 :
1315 2474 1392 2502 nec
1429 2457 1543 2502 unde
1577 2458 1752 2503 veniant
1800 2481 1801 2486 =

367 2534 590 2587 novimus,
617 2547 696 2576 nec
715 2546 806 2592 quo
823 2539 923 2574 eant
949 2528 1161 2575 novimus.
1190 2529 1315 2573 Latet
1333 2544 1467 2590 aqua,
1490 2526 1628 2572 donec
1642 2544 1750 2590 pro-
1800 2582 1801 2585 Ἴ

418 2627 431 2653 ¹
446 2627 549 2662 Joan.
567 2633 638 2662 xm,
656 2623 698 2653 23
715 2626 746 2652 et
760 2622 875 2655 25..·-—
889 2618 1001 2652 ²Gen.
1016 2632 1042 2666 ι,
1062 2631 1092 2655 1.

1844 619 1858 1025 ll

1835 1030 1846 1312 ’,ι

1828 1429 1834 1539 ,³
