1866 3241
402 359 492 407 288
821 377 855 408 s.
899 375 1139 408 AUGusrim
1175 378 1376 409 Erlscom

467 439 541 486 IV.
573 461 593 482 α
626 439 745 497 Quid
782 458 880 501 ergo
920 442 1139 499 dicemus,
1178 443 1345 506 inquit?
1368 466 1388 485 »
1429 443 1524 489 Hoc
1557 443 1762 507 sequitur.

401 532 422 552 «
445 509 565 566 Quid
596 527 695 570 ergo
726 511 940 558 dicemus!
977 514 1063 558 Lex
1094 523 1323 575 peccatum
1358 516 1444 558 ost?
1482 514 1587 560 Asit.
1617 534 1637 554 »
1676 514 1770 558 Uno

400 579 535 626 verbo
574 582 731 640 Legem
772 581 979 638 absolvit,
1029 582 1155 641 Legis
1201 593 1494 628 accusatorem
1528 582 1764 629 damnavit.

403 649 722 696 Auctoritatem
737 651 931 715 Apostoli
944 662 1095 697 contra
1106 670 1173 697 me
1185 652 1451 716 proferebas,
1469 670 1494 698 o
1506 658 1549 698 M
1557 653 1768 703 anichaee,

404 730 445 765 et
467 720 642 766 dicebas
667 721 802 777 mihi,
829 739 929 767 cum
955 724 1111 782 Legem
1136 723 1472 786 reprehenderes
1488 761 1499 780 ,
1533 723 1647 768 Ecce
1672 722 1773 768 audi

405 791 689 853 Apostolum,
731 791 821 851 lege
863 792 1134 855 Apostolum.
1184 814 1203 833 α
1236 794 1457 838 Passiones
1495 803 1774 856 peccatorum

405 882 425 902 >³
447 878 545 923 quae
568 879 646 924 per
664 862 820 921 Legem
844 872 945 907 sunt
959 899 969 918 ,
991 863 1285 925 operabantur
1302 863 1347 908 in
1371 862 1578 907 membris
1600 862 1771 919 nostris,

406 951 427 972 >a
445 942 493 975 ut
515 930 709 976 fructum
732 931 891 977 ferrent
910 933 1053 978 morti.
1086 934 1213 978 Nunc
1237 950 1335 992 ergo
1357 932 1553 979 evacuati
1584 949 1729 977 sumus
1753 950 1775 977 a

343 1052 346 1056 .
407 1021 428 1041 »
446 1001 557 1060 Lege
575 1002 747 1058 mortis,
776 1003 822 1047 in
846 1020 932 1066 qua
955 1003 1286 1059 detinebamur,
1321 1003 1380 1048 ita
1405 1013 1452 1047 ut
1481 1003 1710 1048 serviamus
1733 1002 1775 1047 in
1838 1047 1841 1071 Ι

410 1092 431 1112 »
450 1071 639 1116 novitate
652 1072 852 1134 spiritUS,
874 1085 916 1118 et
939 1091 1025 1119 non
1046 1073 1090 1118 in
1109 1083 1319 1119 vetustate
1337 1072 1506 1118 litterae.
1534 1094 1554 1113 >›
1572 1073 1597 1116 J
1602 1073 1777 1118 actabas

409 1151 450 1186 te
466 1178 477 1197 ,
503 1140 749 1198 clamabas,
777 1141 976 1200 dicebas,
1008 1143 1122 1188 Audi
1141 1181 1151 1199 ,
1181 1143 1271 1203 lege
1288 1180 1298 1199 ,
1324 1142 1424 1189 vide
1446 1160 1455 1186 :
1483 1142 1562 1186 ista
1591 1140 1774 1199 dixeras,

411 1221 452 1256 et
479 1214 571 1270 jam
604 1228 726 1257 verso
763 1223 880 1273 tergo
915 1214 975 1259 ire
1009 1213 1231 1277 cupiebas,
1274 1214 1491 1276 Expecta,
1528 1211 1674 1257 audivi
1712 1223 1775 1269 te,

411 1282 514 1328 audi
536 1299 604 1327 me
627 1300 637 1327 :
661 1283 748 1328 imo
772 1301 851 1329 nec
877 1301 953 1344 ego
974 1295 1037 1341 te,
1068 1301 1145 1329 nee
1164 1294 1212 1329 tu
1245 1300 1335 1337 me3
1379 1282 1451 1327 sed
1484 1282 1615 1328 ambo
1654 1283 1781 1329 simul
1836 1313 1837 1322 κ

412 1351 638 1398 audiamus
663 1352 921 1416 Apostolum
939 1391 950 1410 ,
982 1353 1057 1417 qui
1085 1353 1211 1399 solvit
1228 1370 1293 1409 se,
1320 1362 1361 1397 et
1379 1351 1523 1411 alligat
1542 1363 1596 1398 te.
1627 1351 1781 1408 «Quid

414 1444 435 1464 ))
451 1439 549 1482 ergo
569 1422 761 1468 dicemus
777 1461 787 1480 ,
814 1424 983 1487 inquit?
1015 1426 1101 1469 Lex
1125 1433 1353 1487 peccatum
1371 1426 1459 1468 est')
1490 1444 1509 1462 »
1535 1422 1630 1467 Hoc
1662 1422 1781 1467 dice-
1834 1430 1835 1479 j

371 1510 379 1520 ·
413 1492 514 1549 bas,
554 1513 574 1533 α
596 1495 682 1537 Lex
703 1505 935 1558 peccatum
961 1504 1046 1550 est,
1082 1515 1102 1535 ›>
1138 1493 1225 1538 hoc
1257 1508 1413 1554 nempe
1449 1490 1638 1537 dicebas,
1672 1492 1782 1537 Ecce
1833 1539 1835 1541 ,

415 1562 574 1608 audisti
597 1562 715 1625 quod
733 1562 932 1620 dicebas,
961 1563 1063 1609 audi
1088 1562 1208 1625 quod
1235 1562 1367 1607 dicas,
1399 1564 1556 1620 Legem
1576 1561 1654 1605 Dei
1676 1579 1782 1624 pec-

415 1644 561 1679 catum
584 1649 669 1677 esse
701 1632 904 1690 dicebas,
934 1633 1122 1697 *quando
1154 1649 1248 1677 eam
1273 1648 1413 1677 eaecus
1447 1642 1489 1675 et
1517 1631 1785 1694 improvidus
1832 1641 1833 1659 ³

416 1702 778 1767 reprehendebas.
826 1704 985 1749 Errasti
1015 1722 1024 1749 ε
1067 1702 1178 1750 vidit
1209 1701 1370 1747 Paulus
1411 1718 1599 1746 errorem
1640 1712 1777 1748 tuum.
1830 1719 1832 1768 ἐ

419 1773 551 1831 Quod
565 1772 740 1818 dicebas
755 1810 765 1829 ,
784 1772 875 1836 ipse
892 1774 1012 1821 dixit,
1043 1795 1062 1815 «
1082 1772 1201 1830 Quid
1220 1789 1318 1831 ergo
1342 1771 1566 1817 dicemus?
1586 1773 1670 1817 Lex
1688 1789 1784 1836 pec·

418 1866 441 1888 »
460 1855 606 1890 catum
623 1846 709 1889 est?
731 1865 751 1885 ›>
776 1844 906 1900 Quod
926 1845 1100 1890 dicebas
1113 1881 1123 1899 ,
1147 1843 1233 1888 hoc
1251 1842 1468 1888 dicimus?
1489 1863 1508 1883 «
1528 1843 1611 1887 Lex
1627 1860 1785 1906 pecca-

420 1937 441 1956 »
459 1925 555 1959 tum
580 1916 670 1959 est?
696 1912 834 1959 Absit.
856 1936 875 1955 »
910 1913 956 1960 Si
981 1912 1177 1976 Apostoli
1195 1911 1440 1975 sequebaris
1467 1913 1781 1968 auctoritatem,

421 1983 619 2049 appende
651 1982 859 2040 verbum,
886 1995 928 2029 et
960 2000 1066 2046 cape
1091 1983 1191 2028 inde
1220 1981 1462 2028 consilium.
1494 1982 1632 2038 Audi,
1663 2004 1683 2024 «
1704 1984 1786 2028 Lex
1828 1995 1829 1998 ’

421 2077 443 2097 »
459 2063 690 2118 peccatum
713 2055 801 2098 est‘»)
829 2054 967 2100 Absit.
1000 2075 1019 2094 >›
1045 2053 1183 2108 Audi,
1218 2075 1238 2095 ‹<
1262 2052 1401 2098 Absit.
1425 2053 1509 2098 »Si
1534 2052 1786 2115 Apostolum

421 2123 628 2187 sequeris,
669 2122 703 2167 si
743 2126 833 2182 ejus
874 2123 1175 2168 auctoritatem
1224 2121 1402 2186 plurimi
1441 2122 1618 2185 pendiS,
1659 2122 1782 2179 audi,

422 2216 442 2236 «
471 2193 595 2240 Absit
618 2210 628 2237 :
652 2214 672 2234 >›
697 2203 738 2237 et
757 2193 875 2255 quod
895 2194 1129 2248 sentiebas,
1154 2211 1177 2239 a
1199 2203 1236 2237 tc
1261 2193 1386 2238 absit.
1418 2215 1438 2234 «
1460 2192 1579 2248 Quid
1601 2210 1699 2253 ergo
1717 2193 1786 2238 di-
1824 2222 1826 2245 s
1865 2203 1866 2207 ’

424 2287 444 2307 »
465 2266 636 2310 cemus?
653 2285 672 2305 n
703 2263 822 2320 Quid
842 2263 1054 2320 dicemus,
1084 2263 1186 2327 quia
1212 2262 1298 2308 dixi
1314 2299 1325 2318 ,
1353 2285 1372 2303 «
1393 2262 1614 2308 Passiones
1636 2280 1786 2326 pecea-
1824 2314 1825 2320 ¹

423 2345 605 2379 »torum
635 2349 733 2396 quae
756 2350 834 2396 per
859 2334 1015 2393 Legem
1039 2343 1136 2378 sunt
1154 2369 1164 2388 ,
1198 2332 1495 2395 operabantur
1522 2332 1566 2376 in
1586 2332 1787 2377 membris
1822 2336 1823 2370 i

425 2427 444 2447 >³
464 2404 644 2460 nostris,
672 2413 721 2448 ut
740 2404 930 2448 fructum
953 2403 1112 2448 ferrent
1134 2402 1262 2447 morti
1287 2419 1297 2446 z
1324 2423 1344 2442 »
1370 2402 1469 2465 quia
1490 2401 1600 2457 dixi,
1629 2424 1649 2443 «
1672 2403 1786 2447 Eva—
1822 2412 1823 2428 ¹

423 2495 444 2519 κ
463 2475 579 2520 cuati
598 2490 744 2519 sumus
761 2491 782 2518 a
800 2474 912 2532 Lege
936 2474 1103 2529 mortis,
1133 2473 1281 2536 in2qua
1301 2471 1601 2517 detinebamur
1622 2489 1631 2516 :
1652 2471 1783 2534 »quia

424 2544 532 2600 dixi,
560 2564 580 2584 «
601 2543 846 2590 Serviamus
876 2543 921 2589 in
943 2543 1132 2590 novitate
1156 2542 1353 2606 spiritus,
1387 2551 1429 2587 et
1458 2558 1545 2587 non
1569 2542 1609 2586 in
1641 2551 1784 2588 vetus-
1820 2561 1821 2575 ι
1861 2560 1865 2564 ”

471 2658 481 2681 ¹
499 2661 593 2690 Rom.
610 2669 666 2697 vn,
691 2670 720 2697 7.
