1866 3241
149 335 291 366 sermo
328 335 457 376 cmxx,
495 334 551 366 DE
586 335 745 367 vnams
784 335 938 367 APosT.
981 334 1147 368 rmm‘.
1190 337 1260 369 111.
1337 322 1423 379 461

0 431 29 464 B
51 400 152 446 audi
172 400 362 464 apertius
386 399 604 446 dicentem
632 419 643 446 :
671 422 692 443 t<
717 401 763 446 Si
779 418 866 465 quo
896 401 1027 447 modo
1046 419 1272 448 occurram
1295 402 1341 448 in
1367 420 1431 449 re-

0 518 5 524 ,
47 491 70 513 »
91 471 403 517 surrectionem
429 475 648 531 justorum
667 471 685 501 4
709 491 719 518 ε
742 489 828 519 11011
847 473 949 536 quia
963 477 1054 532 jam
1074 473 1334 537 acceperim,
1357 485 1433 520 aut

47 544 178 602 »jam
211 541 426 605 perfectus
461 542 555 589 sim.
594 564 614 584 ›>
657 543 713 588 Et
748 543 935 588 contexit
973 542 1128 588 deinde
1156 561 1166 587 ε
1190 565 1210 584 «
1239 545 1428 600 Fratres,

0 632 22 666 ‚1
47 632 69 654 >2
93 628 171 672 ego
188 629 256 658 me
269 629 358 658 non
368 612 556 658 arbitror
571 613 924 677 apprehendisse.
947 633 967 654 »
992 613 1224 669 Quomodo
1247 631 1431 678 compa-

12 696 28 724 1*
45 693 112 728 rat
124 683 338 743 J'ustitiam
354 684 554 744 justitiae,
576 683 757 730 salutem
780 684 924 741 saluti,
953 683 1084 729 fidem
1103 685 1278 748 speciei,
1308 703 1430 749 pere-

10 753 17 798 i
44 753 329 813 grinationem
354 754 551 801 civitati?

109 823 233 871 VIII.
277 824 498 870 Attendite
540 825 761 888 quomodo
799 824 885 870 hoc
926 824 1107 888 impleat
1135 844 1145 871 :
1175 827 1385 871 «Fratres
1413 844 1424 872 ε

6 909 16 938 )
46 914 68 936 »
89 911 166 954 ego
191 911 258 939 me
284 912 371 941 non
405 896 593 941 arbitror
629 895 980 960 apprehendisse.
1036 896 1184 942 Unum
1220 908 1378 944 autem.
1408 919 1429 939 ›>

5 979 21 1006 ¹⁴
48 964 168 1021 Quid
195 986 215 1006 «
238 982 392 1022 unum,
423 987 442 1006 υ
468 967 550 1011 nisi
575 984 621 1011 ex
645 966 730 1012 fide
752 966 914 1022 vivere,
940 983 1014 1029 spe
1040 966 1187 1012 salutis
1223 978 1395 1015 zeternae
1413 1006 1424 1025 ,

11 1038 16 1076 1³
46 1035 125 1080 ubi
148 1035 228 1081 erit
248 1036 377 1100 plena
395 1047 436 1082 et
460 1036 651 1100 perfecta
669 1037 838 1096 justitia
853 1074 863 1093 ‚
883 1037 930 1081 in
956 1039 1082 1096 cujus
1105 1039 1429 1101 comparatione

45 1105 204 1152 damna
228 1117 329 1152 sunt
353 1124 451 1170 quae
476 1107 709 1153 transitura
734 1117 851 1163 sunt,
879 1117 920 1151 et
944 1117 1131 1152 stercora
1155 1125 1254 1170 quae
1271 1126 1427 1171 repro-

20 1202 21 1209 *
44 1175 192 1222 banda
211 1188 326 1225 sunt.
349 1177 469 1234 Quid
482 1181 608 1238 ergo?
630 1199 649 1219 α
666 1179 810 1223 Unum
825 1187 990 1234 autem,
1005 1193 1104 1240 quae
1118 1188 1231 1223 retro
1246 1179 1425 1236 oblitus,

45 1267 66 1288 »
89 1246 135 1292 in
162 1264 211 1293 ea
234 1265 334 1311 quae
361 1259 459 1294 ante
491 1259 591 1294 sunt
626 1259 844 1305 extentus,
880 1247 1118 1294 secundum
1147 1249 1429 1296 intentionem

44 1336 67 1359 >2
93 1334 249 1380 sequor
274 1318 328 1364 ad
361 1319 554 1382 palmam
585 1336 784 1383 supernae
816 1319 1056 1365 vocationis
1080 1319 1158 1364 Dei
1181 1320 1226 1365 in
1253 1321 1429 1367 Christo

45 1407 66 1429 ›>
88 1388 204 1435 Jesu.
233 1410 253 1430 ›>
279 1390 335 1434 Et
359 1389 414 1435 ad
437 1406 506 1435 eos
531 1390 607 1453 qui
631 1390 684 1435 de
712 1406 788 1435 sua
822 1389 1086 1452 perfectione
1115 1402 1291 1453 possent
1307 1409 1427 1455 prae—

45 1474 228 1516 sumere,
244 1480 264 1500 «
275 1459 504 1522 Quotquot
521 1470 663 1505 autem
672 1460 853 1523 perfecti
872 1476 1037 1515 sumus,
1055 1459 1142 1504 hoc
1161 1461 1425 1524 sapiamus.»

0 1518 20 1594 Ι
44 1528 70 1572 J
75 1546 145 1574 am
167 1529 338 1575 dudum
356 1530 521 1575 dixerat
542 1548 583 1576 se
600 1530 924 1594 imperfectum,
948 1547 1067 1575 nunc
1091 1540 1236 1576 autem
1254 1533 1426 1596 perfec-

0 1638 3 1640 .
45 1608 152 1647 tum.
184 1600 352 1657 Quare,
378 1601 460 1646 nisi
484 1601 585 1664 quia
616 1601 711 1664 ipsa
733 1611 795 1646 est
827 1600 1038 1664 perfectio
1063 1600 1277 1659 hominis,
1300 1604 1426 1650 inve—

0 1696 5 1710 :
44 1669 153 1715 nisse
176 1687 218 1715 se
241 1688 330 1716 non
353 1688 441 1716 esse
469 1670 743 1734 perfectum?
767 1692 787 1712 (ι
808 1670 1040 1733 Quotquot
1077 1682 1221 1717 autem
1247 1674 1428 1737 perfecti

46 1760 68 1781 ,ο
93 1756 257 1797 sumus,
277 1741 365 1787 1100
389 1741 623 1804 sapiamus.
655 1741 711 1785 Et
731 1741 765 1786 si
788 1740 896 1804 quid
918 1740 1027 1786 sorte
1047 1741 1168 1787 aliter
1185 1744 1353 1807 sapitis,
1382 1745 1428 1790 id

46 1831 67 1852 2>
93 1827 268 1874 quoque
296 1811 422 1858 vobis
446 1813 561 1856 Deus
579 1811 790 1856 revelabit
817 1829 827 1855 ε
852 1832 872 1852 »
894 1811 939 1856 id
964 1822 1043 1867 est,
1069 1823 1117 1857 ut
1133 1813 1166 1858 si
1183 1831 1259 1860 vos
1275 1815 1321 1860 in
1344 1815 1427 1861 ali-

45 1897 132 1944 quo
151 1881 352 1944 profectu
378 1881 511 1927 animi
524 1880 785 1940 justificatos
810 1880 1028 1943 probatis,
1060 1880 1241 1941 legendo
1271 1886 1427 1949 Scrip-

44 1961 186 2007 turas,
221 1962 264 1997 et
308 1951 568 1999 inveniendo
600 1968 700 2014 quae
726 1952 780 1996 sit
804 1968 903 1997 vera
938 1961 979 1996 et
1004 1952 1195 2015 perfecta
1233 1957 1424 2015 Justitia‚

44 2021 271 2069 inveniatis
286 2039 362 2069 vos
385 2039 495 2078 reos,
517 2032 559 2067 et
577 2020 791 2067 desiderio
804 2020 1053 2067 futurorum
1077 2022 1292 2071 damnetis
1313 2044 1427 2090 prae-

45 2093 205 2149 sentia,
229 2093 387 2139 vivatis
416 2110 464 2138 ex
487 2092 573 2138 fide
597 2103 640 2137 et
668 2109 743 2155 spe
766 2102 809 2137 et
842 2092 1055 2138 charitate
1076 2113 1087 2147 3
1107 2105 1158 2157 et
1184 2096 1432 2157 intelligatis

0 2187 1 2191 =
47 2163 149 2226 quia
173 2163 293 2226 quod
317 2163 466 2209 adhuc
485 2162 678 2219 creditis,
705 2162 905 2208 nondum
927 2162 1111 2217 videtis3
1145 2166 1264 2228 quod
1282 2167 1430 2214 adhuc

46 2234 243 2296 speratis,
272 2233 469 2278 nondum
495 2233 673 2286 tenetis3
697 2232 818 2296 quod
837 2232 986 2278 adhuc
1009 2232 1285 2294 desideratis,
1312 2256 1428 2284 non-

48 2302 154 2349 dum
170 2303 372 2367 impletis.
400 2304 455 2348 Et
469 2304 503 2349 si
514 2303 610 2349 talis
631 2314 693 2349 est
713 2303 903 2349 charitas
916 2304 1306 2366 peregrinantium,
1322 2326 1429 2373 qua-

47 2372 98 2419 lis
117 2374 197 2419 erit
212 2374 491 2421 videntium?
525 2374 640 2434 Ergo
671 2374 743 2420 ille
774 2373 850 2437 qui
875 2373 1064 2419 docebat
1086 2376 1299 2434 justitiam
1319 2380 1426 2437 Dei,

47 2453 90 2489 et
104 2461 193 2490 non
208 2444 502 2490 constituebat
519 2461 660 2501 suam,
681 2444 903 2490 clamabat
922 2443 975 2489 de
988 2445 1162 2491 Psalmo
1185 2465 1196 2492 :
1221 2469 1242 2490 «
1261 2450 1428 2497 Exaudi

49 2534 70 2556 »
94 2531 163 2560 me
188 2515 234 2560 in
258 2525 332 2561 tua
348 2515 533 2575 J'ustitia.
566 2515 623 2562 Et
640 2532 729 2562 non
745 2515 878 2563 intres
901 2515 946 2561 in
959 2515 1177 2575 judicium
1188 2536 1290 2567 cum
1307 2539 1428 2570 servo

97 2623 109 2649 ¹
130 2628 225 2659 Forte
241 2631 458 2662 mortuorum.
