1866 3241
370 330 464 387 426
791 348 827 379 s.
871 346 1116 382 Aususnm
1151 346 1355 378 Erlscom

438 410 498 458 II.
529 409 652 468 Quid
667 409 728 458 ait
747 411 1006 476 Apostolus?
1043 413 1205 458 Omnes
1227 412 1305 474 qui
1326 411 1481 458 volunt
1509 411 1555 457 in
1573 411 1748 458 Christo
1807 438 1810 444 ·
1846 410 1849 417 ¹

373 486 446 550 pie
464 486 629 545 vivere,
657 489 1001 551 persecutionem
1019 488 1253 551 patientur.
1279 491 1391 532 Ecce
1412 487 1514 550 quia
1534 487 1624 532 dies
1647 487 1748 535 mali

375 566 493 612 sunt,
522 556 611 602 sine
633 558 931 620 persecutione
947 558 1090 603 vivere
1114 557 1187 602 hic
1201 556 1308 616 justi
1325 573 1413 601 non
1435 566 1629 619 possunt.
1663 556 1751 612 Qui

375 625 488 670 inter
519 626 656 672 malos
677 627 832 673 vivunt
849 664 860 683 ‚
901 626 1243 691 persecutionem
1267 623 1496 689 patiuntur
1515 624 1549 671 1.
1590 626 1752 671 Omnes

377 696 481 742 mali
491 708 807 761 persequuntur
820 698 976 754 bonos,
1004 714 1092 743 non
1109 696 1221 742 ferro
1241 707 1283 742 et
1302 695 1544 759 lapidibus,
1574 695 1647 741 sed
1664 695 1753 741 vita

377 777 419 811 et
433 767 640 814 moribus.
666 768 895 831 Numquid
913 768 1068 831 aliquis
1086 777 1286 814 sanctum
1309 768 1393 811 Lot
1416 767 1754 830 persequebatur

378 835 424 882 in
451 836 708 883 Sodomis-‘29
738 839 874 883 Nemo
906 837 969 883 illi
1002 837 1205 883 molestus
1240 846 1330 880 erat
1356 853 1366 880 ε
1393 846 1434 880 et
1467 846 1610 881 tamen
1644 836 1755 881 inter

378 907 534 970 impios
551 908 752 965 vivebat,
779 919 821 954 et
840 909 952 954 inter
976 907 1224 953 immundos
1244 944 1254 961 ,
1290 905 1522 969 superbos,
1549 905 1754 969 blasphe-

380 994 490 1034 mos,
516 979 858 1040 persecutionem
881 979 1147 1043 patiebatur,
1174 995 1262 1022 non
1284 975 1552 1039 vapulando,
1575 975 1646 1020 sed
1666 993 1756 1021 ma-

382 1046 445 1093 los
485 1048 688 1096 videndo.
733 1049 941 1113 Quisquis
975 1066 1044 1094 me
1082 1048 1231 1104 audis,
1267 1058 1309 1092 et
1342 1046 1539 1091 nondum
1574 1046 1683 1091 vivis
1710 1046 1757 1091 in

385 1117 562 1168 Christo
586 1119 674 1181 pie,
696 1119 842 1183 incipe
866 1120 913 1165 in
934 1119 1112 1164 Christo
1136 1118 1208 1182 pie
1220 1117 1381 1173 Vivere,
1405 1126 1446 1161 et
1464 1115 1625 1179 probas
1638 1115 1757 1180 quod

381 1185 495 1239 dico.
545 1187 743 1252 Denique
774 1189 1004 1252 Apostolus
1033 1205 1135 1235 cum
1170 1196 1528 1232 commemoraret
1562 1184 1756 1249 pericula

383 1274 460 1303 sua
482 1275 493 1307 3
515 1278 535 1299 «
552 1258 779 1316 Periculis,
798 1259 961 1323 inquit,
979 1259 1026 1304 in
1043 1258 1171 1314 mari,
1192 1256 1396 1320 periculis
1417 1256 1463 1301 in
1483 1254 1754 1310 fluminibus,

386 1349 407 1370 >2
428 1327 633 1390 periculis
646 1328 693 1375 in
717 1329 900 1385 deserto,
922 1328 1128 1393 periculis
1144 1328 1190 1374 in
1201 1326 1444 1372 latronibus
1458 1363 1469 1382 ‚
1493 1324 1696 1389 periculis
1713 1325 1759 1370 in

385 1419 406 1440 >2
429 1397 546 1447 falsis
568 1398 775 1445 fratribus
792 1399 826 1447 3.
848 1421 869 1441 ))
895 1400 1063 1444 Caetera
1090 1397 1283 1462 pericula
1306 1396 1522 1460 quiescere
1544 1405 1725 1458 possunt
1742 1432 1753 1451 ‚

386 1467 581 1531 pericula
607 1487 631 1515 a
654 1468 771 1515 falsis
787 1469 996 1515 fratribus
1013 1469 1229 1532 quiescere
1247 1483 1382 1530 usque
1397 1466 1443 1511 in
1460 1465 1591 1510 finem
1613 1464 1761 1510 saeculi

385 1555 474 1588 non
497 1549 724 1585 noverunt.
1013 1553 1017 1556 ·

450 1608 533 1655 ΙΙΙ.
567 1630 587 1650 «
605 1609 889 1655 Redimamus
906 1620 1078 1671 tempus
1098 1627 1108 1660 3
1127 1606 1333 1670 quoniam
1356 1605 1445 1651 dies
1455 1604 1557 1650 mali
1571 1616 1672 1650 sunt
1683 1603 1717 1652 4.
1739 1625 1760 1646 >³
1803 1648 1805 1655 ,

389 1679 635 1741 Expectatis
662 1697 686 1724 a
708 1696 776 1724 me
799 1679 909 1724 forte
940 1678 1073 1734 scire,
1110 1677 1217 1739 quid
1248 1687 1310 1721 est
1338 1687 1508 1738 tempus
1532 1674 1754 1721 redimere.

389 1748 601 1794 Dicturus
625 1766 719 1794 sum
743 1749 862 1811 quod
890 1747 1023 1811 pauci
1051 1747 1236 1792 audiunt
1251 1784 1262 1802 ‚
1283 1746 1416 1809 pauci
1444 1745 1611 1801 ferunt,
1630 1745 1762 1808 pauci

389 1818 722 1878 aggrediuntur,
743 1818 875 1881 pauci
897 1828 1030 1877 agunt
1057 1835 1068 1862 t
1097 1828 1242 1862 tamen
1263 1815 1430 1871 dicam,
1453 1815 1660 1878 quoniam
1679 1815 1762 1878 ipsi

390 1888 524 1950 pauci
549 1888 626 1951 qui
645 1905 712 1933 me
728 1888 919 1936 audituri
936 1898 1052 1943 sunt,
1080 1888 1192 1932 inter
1203 1886 1337 1931 malos
1352 1886 1517 1931 vivunt.
1537 1884 1762 1930 Redimerc

390 1967 586 2020 tempus,
607 1958 695 2004 hoc
716 1968 778 2004 est
795 1995 806 2014 ,
833 1957 1010 2021 quando
1032 1956 1186 2020 aliquis
1210 1956 1292 2002 tibi
1316 1954 1583 2010 infert-litem
1598 1992 1609 2011 ‚
1630 1953 1763 2018 perde

391 2027 557 2090 aliquid
575 2065 586 2084 ‚
620 2039 670 2073 ut
693 2030 784 2074 Deo
817 2044 962 2084 vaces,
989 2044 1077 2072 non
1109 2027 1274 2072 litibus.
1308 2025 1445 2070 Perde
1474 2041 1572 2084 ergo
1600 2042 1611 2070 ε
1637 2042 1685 2069 ex
1713 2040 1763 2069 eo

393 2097 512 2159 quod
530 2097 692 2160 perdis,
713 2098 903 2161 pretium
921 2108 983 2142 est
1000 2097 1220 2159 temporis.
1246 2096 1371 2140 Certe
1388 2094 1564 2158 quando
1586 2111 1666 2158 pro
1683 2093 1765 2147 tuis

391 2167 720 2214 necessitatibus
754 2167 954 2232 procedis
987 2167 1042 2213 ad
1070 2166 1327 2230 publicum,
1360 2165 1436 2210 das
1466 2181 1693 2221 nummos,
1723 2174 1766 2209 et

393 2239 497 2285 emis
516 2239 600 2284 tibi
623 2256 798 2302 panem,
823 2250 896 2284 aut
911 2238 1080 2294 vinum,
1108 2249 1182 2283 aut
1206 2237 1366 2292 oleum,
1390 2247 1465 2281 aut
1487 2235 1671 2293 lignum,
1692 2243 1766 2282 aut

393 2310 584 2373 aliquam
613 2309 923 2373 supellectilem
952 2326 963 2353 ε
992 2308 1068 2354 das
1098 2318 1139 2352 et
1170 2307 1355 2368 accipis,
1391 2303 1556 2365 aliquid
1584 2303 1761 2357 amittis,

395 2379 562 2442 aliquid
583 2380 790 2441 acquiriS‚
814 2379 901 2423 hoc
925 2387 988 2422 est
1009 2392 1160 2424 emere.
1191 2376 1301 2419 Nam
1325 2373 1358 2418 si
1376 2372 1490 2418 nihil
1509 2372 1697 2428 amittas,
1724 2382 1766 2416 et

395 2449 558 2494 habeas
583 2448 702 2512 quod
733 2464 821 2492 non
848 2446 1072 2498 habebam
1100 2456 1175 2490 aut
1203 2442 1430 2498 invenisti,
1459 2453 1534 2486 aut
1555 2441 1765 2497 donatum

399 2519 632 2581 accepisti,
659 2528 733 2563 aut
755 2516 1009 2563 haereditate
1033 2514 1264 2577 acquisisti.
1298 2511 1487 2569 Quando
1513 2521 1654 2561 autem
1684 2511 1765 2557 ali-

445 2615 457 2638 ¹
477 2626 495 2646 2
513 2615 598 2648 Tim.
627 2628 669 2648 111
683 2639 691 2654 ‚
715 2627 768 2649 12.
788 2616 899 2648 Florus
926 2613 1058 2646 ibidem.
1073 2630 1120 2637 --
1138 2611 1154 2635 ²
1179 2614 1260 2644 Gen.
1278 2621 1344 2643 xix.
1367 2627 1413 2633 -
1428 2606 1444 2631 ³
1463 2620 1479 2640 2
1497 2610 1570 2641 Cor.
1595 2608 1643 2647 Μ’,
1670 2609 1701 2640 6.
1721 2625 1767 2632 —-
1803 2624 1805 2653 ¹,

399 2665 414 2691 ⁴
430 2668 541 2701 Elatus
553 2668 723 2712 ad-Ephes.
742 2680 776 2703 v.
