1866 3241
207 305 348 338 SERMO
385 305 485 347 cu,
523 304 580 336 nn
611 305 772 336 VERBIS
808 303 962 336 Arosr.
1011 305 1024 336 1
1068 307 1167 337 con.
1218 308 1255 340 1.
1329 291 1420 357 367

44 390 67 415 a
85 382 196 429 sent,
217 387 442 434 nunquam
466 371 706 417 Dominum
726 370 873 431 gloriae
890 370 1200 416 crucifixissent
1212 371 1246 420 1.
1275 373 1298 418 J
1304 391 1423 421 esum

45 464 67 486 »
88 443 338 498 Christum,
359 442 505 505 inquit
523 479 534 499 ,
557 442 831 488 crucifixum.
860 441 960 486 Non
983 440 1070 486 dixi
1096 440 1262 506 ahquid
1288 461 1356 490 me
1380 445 1426 490 in

46 533 68 555 υ
89 513 213 559 vobis
231 512 356 570 scire,
371 513 455 558 nisi
481 513 503 557 J
509 529 629 559 esum
646 512 874 558 Christum
889 521 934 556 et
954 510 1077 557 hunc
1094 511 1350 558 crucifixum
1372 532 1382 559 ε
1403 536 1425 557 »

45 582 342 629 humil-itatem
361 586 457 643 ejus
471 620 482 639 ,
509 599 643 647 quam
666 581 851 629 irrident
866 580 1046 645 superbi
1066 617 1078 638 ‚
1101 592 1151 628 ut
1169 582 1246 628 fiat
1263 582 1310 629 in
1331 584 1389 630 eis
1409 603 1421 630 ι

44 674 66 695 «
81 655 100 698 J
106 651 322 716 ncrepasti
333 653 544 716 superbos
557 673 568 707 3
585 650 808 700 maledicti
817 650 932 696 enim
945 650 1020 714 qui
1033 649 1254 697 declinant
1267 669 1292 698 a
1305 670 1426 698 man-

46 745 68 765 »
81 722 199 769 *datis
209 722 298 769 tuis
316 722 350 769 ².
370 744 393 767 ω
419 723 475 768 Et
490 723 611 787 quod
630 733 693 769 est
709 720 967 767 mandatum
981 724 1090 781 ejus,
1108 721 1191 767 nisi
1205 732 1255 767 ut
1271 722 1427 768 creda-

43 808 141 839 mus
156 794 202 839 in
224 808 347 851 eum,
373 805 415 840 et
437 793 669 855 diligamus
689 792 906 840 invicem?
931 793 984 838 In
1009 808 1141 856 quem
1165 792 1422 840 credamus?

46 859 98 910 In
113 864 344 910 Christum
366 865 636 913 crucifixum.
660 863 795 922 Quod
807 881 894 909 non
915 863 1014 910 vult
1032 863 1182 910 audire
1199 864 1422 928 superbia,

41 935 132 981 {hoc
156 934 304 981 audiat
323 935 548 999 sapien-tia.
575 934 836 981 Mandatum
854 937 945 994 eJus
967 944 1048 991 est,
1070 943 1121 979 ut
1139 933 1366 981 credamus
1378 934 1425 981 in

37 1021 158 1051 eum.
183 1005 237 1050 ¹In
263 1007 421 1068 quem?
452 1006 507 1051 In
534 1006 760 1052 Christum
785 1003 1057 1050 crucifixum.
1090 1003 1188 1050 Hoc
1211 1014 1273 1050 est
1295 1022 1424 1050 man-

35 1075 198 1122 -datum
218 1079 339 1136 -ejus,
371 1086 420 1122 ut
440 1076 669 1123 credamus
698 1077 746 1123 in
771 1074 998 1120 Christum
1023 1075 1294 1122 crucifixum.
1325 1075 1422 1121 Hoc

44 1145 221 1191 omnino
239 1162 250 1191 t
276 1145 352 1191 sed
371 1145 587 1211 superbus
603 1147 682 1192 iste
702 1182 714 1204 ,
736 1156 877 1191 erecta
901 1144 1069 1192 cervice
1082 1182 1094 1201 ,
1120 1145 1304 1193 tumenti
1320 1156 1424 1206 gut-

40 1225 156 1272 ture,
178 1215 291 1262 elata
308 1216 474 1277 lingua,
495 1217 659 1263 inflatis
685 1216 839 1262 buccis
859 1215 1011 1261 irridet
1027 1216 1254 1262 Christum
1274 1217 1423 1263 cruci-

42 1285 192 1333 fixum.
238 1285 460 1332 Maledicti
507 1303 608 1347 ergo
642 1287 719 1351 qui
755 1286 977 1332 declinant
1009 1304 1033 1332 a
1066 1286 1282 1334 mandatis
1316 1287 1415 1335 tuis.

41 1354 190 1417 Quare
208 1354 407 1413 irrident,
431 1356 512 1402 nisi
535 1357 638 1420 quia
659 1356 791 1404 vilem
809 1356 1065 1403 vesticulam
1082 1356 1318 1403 forinsecus
1341 1357 1424 1403 cir-

35 1424 294 1471 cumdatam
313 1426 480 1484 vident,
500 1424 705 1473 latentem
727 1427 844 1473 intus
860 1426 1115 1474 thesaurum
1137 1445 1226 1474 non
1241 1427 1422 1476 vident?

44 1491 175 1541 Videt
191 1510 383 1554 carnem,
409 1497 530 1544 videt
549 1497 789 1555 hominem,
816 1497 936 1545 videt
949 1515 1125 1544 crucem
1137 1535 1149 1556 ,
1164 1498 1284 1545 videt
1300 1515 1425 1545 mor-

0 1585 1 1594 *
44 1574 149 1622 tem,
172 1564 255 1612 ista
278 1568 531 1615 contemnit.
559 1569 689 1614 Mane
706 1604 718 1625 ,
745 1568 837 1614 noli
854 1568 1051 1625 transire,
1083 1568 1174 1615 noli
1190 1586 1392 1632 spernere
1407 1606 1420 1626 ‚

0 1698 2 1706 Ι
41 1635 133 1682 noli
161 1636 381 1685 insultare.
413 1639 622 1703 Expecta,
644 1650 871 1686 scrutare:
893 1639 1004 1686 forte
1024 1650 1089 1685 est
1114 1639 1282 1703 aliquid
1305 1639 1423 1686 intus

38 1704 222 1770 ¹quod-te
236 1706 429 1755 multum
451 1707 651 1757 delectet.
670 1710 717 1756 Si
732 1709 952 1756 invenias:
975 1709 1147 1767 «Quod
1165 1709 1317 1756 oculus
1334 1727 1423 1756 non

45 1798 67 1819 »
80 1776 213 1834 vidit,
237 1794 318 1824 nec
332 1779 445 1826 auris
468 1778 654 1837 audivit,
679 1797 760 1826 nec
778 1781 825 1826 in
842 1797 919 1826 cor
939 1780 1130 1826 hominis
1142 1780 1379 1828 ascendit⁵.
1400 1803 1422 1824 »

45 1845 174 1892 Videt
188 1847 344 1895 oculus
363 1865 566 1895 carnem:
592 1860 654 1895 est
680 1849 794 1896 infra
817 1867 992 1896 carnem
1015 1850 1134 1914 quod
1156 1850 1307 1897 oculus
1332 1868 1421 1898 non

42 1916 176 1964 videt.
208 1917 344 1964 Audit
368 1919 481 1965 auris
500 1930 576 1966 tua
590 1936 743 1967 vocem
764 1938 776 1966 ε
798 1931 862 1967 est
877 1921 942 1967 ibi
960 1921 1079 1985 quod
1103 1921 1218 1967 auris
1234 1939 1323 1967 non
1347 1938 1423 1968 au-

44 1986 169 2035 divit.
197 1987 403 2035 Ascendit
419 1990 466 2035 in
481 2007 557 2036 cor
574 2000 717 2047 tuum,
739 1992 862 2054 quasi
879 1991 933 2037 de
951 1992 1129 2038 terrenis
1150 1992 1423 2052 cogitationi-

37 2057 154 2114 bus,
173 2057 312 2104 homo
342 2060 577 2106 crucifixus
602 2071 649 2107 et
678 2071 875 2107 mortuus
904 2078 914 2106 :
941 2061 1110 2108 estillic
1133 2062 1254 2125 quod
1275 2063 1321 2109 in
1346 2080 1423 2109 cor

39 2127 235 2173 fhominis
262 2145 352 2175 non
381 2130 592 2177 ascendit.
635 2130 888 2178 Ascendunt
911 2132 1027 2177 enim
1056 2132 1104 2177 in
1129 2148 1206 2177 cor
1229 2143 1426 2179 nostrum

0 2211 6 2239 f
37 2198 215 2243 usitatae
233 2198 515 2258 cogitationes
530 2217 541 2245 ε
556 2221 579 2241 «
598 2200 820 2257 Ascendit,
845 2201 1007 2264 inquit,
1033 2201 1079 2246 in
1096 2218 1171 2246 cor
1187 2201 1331 2265 Moysi
1350 2202 1422 2250 vi·-

47 2288 68 2309 »
87 2266 212 2312 sitare
228 2266 379 2314 fratres
396 2268 517 2314 suos²¹
535 2289 546 2323 3
563 2291 583 2311 υ
606 2270 797 2316 humana
813 2281 875 2316 est
887 2271 968 2318 ista
986 2271 1221 2319 conditio5.
1247 2274 1304 2318 Et
1320 2289 1424 2319 cum

0 2335 7 2381 i
40 2336 265 2401 Discipuli
297 2337 468 2403 deipso
505 2340 694 2386 Domino
719 2339 996 2399 dubitarent,
1030 2352 1071 2387 et
1095 2341 1217 2405 apud
1245 2359 1288 2388 se
1309 2343 1426 2406 ipsos

0 2425 4 2452 Ι

47 2406 257 2466 dicerent,
281 2425 385 2455 cum
405 2410 554 2456 subito
577 2412 848 2458 resurrexisse
865 2413 1165 2477 conspicerent
1180 2431 1194 2459 ε
1218 2414 1318 2478 Ipse
1340 2425 1420 2472 est,

96 2533 108 2556 ¹
134 2545 148 2566 1
170 2535 243 2568 Cor.
263 2546 302 2574 n,
317 2536 409 2567 8.-
423 2534 439 2558 ²
455 2537 536 2582 Psahl.
551 2547 673 2580 cxvm,
693 2549 752 2571 αι.
772 2556 815 2563 -
834 2536 849 2562 3
866 2550 878 2570 1
900 2541 974 2574 Cor.
991 2551 1019 2571 11
1032 2564 1041 2581 ,
1062 2552 1138 2583 9.-·
1154 2538 1169 2564 ⁴
1187 2540 1294 2577 Exod.
1313 2552 1358 2587 11,
1377 2553 1431 2578 ιι.

51 2601 97 2612 --
114 2583 131 2610 ⁵
144 2588 240 2619 Forte
255 2588 417 2631 cogitatio.

24 2642 28 2703 !

25 2705 30 2863 ἲ
