1866 3241
184 351 324 382 sunno
361 349 480 392 cxxv,
520 347 575 380 m:
610 348 771 380 vannis
806 347 971 380 EVANG.
1014 348 1145 381 JOAN.
1187 350 1228 381 v.
1339 335 1398 399 73

25 437 46 460 »
64 415 221 482 plere1.
251 438 271 458 »
303 415 482 462 Sanavit
500 425 728 475 aegrotum,
757 425 799 460 et
822 413 928 459 dixit
948 413 1011 459 illi
1034 424 1083 459 ut
1102 413 1230 460 ferret
1251 416 1404 475 graba-

25 498 117 533 tum
145 504 288 543 suum,
319 497 361 531 et
384 486 463 531 iret
490 486 534 530 in
559 485 738 531 domum
768 501 903 530 suam.
952 483 1047 529 Hoc
1076 494 1117 529 et
1140 484 1400 547 paralytico,

26 574 151 622 quem
178 557 361 611 sanavit,
389 556 539 603 dixit‘2.
571 556 691 613 Quid
711 566 772 601 est
796 555 904 601 ferre
923 555 1154 614 grabatum
1174 559 1404 601 nostrum?

24 627 305 692 Voluptatem
339 627 478 673 carnis
511 638 684 673 nostrae.
728 626 816 671 Ubi
842 625 1005 670 infirmi
1023 628 1219 685 jacemus
1242 663 1253 682 ‚
1281 625 1403 689 quasi

25 698 162 744 lectus
183 708 325 743 noster
348 708 422 744 est.
451 697 535 743 Sed
561 697 638 760 qui
667 696 804 741 sanati
821 695 999 751 fuerint,
1026 695 1251 741 continent
1271 706 1312 740 et
1338 694 1404 740 fe-

27 778 130 814 runt
154 784 274 823 eam,
306 785 393 813 non
432 766 488 812 ab
515 767 608 831 ipsa
632 783 760 812 carne
792 765 1084 812 continentur.
1124 766 1239 824 Ergo
1281 781 1408 811 sanus

29 838 199 884 contine
224 837 501 897 fragilitatem
527 837 668 882 carnis
702 847 817 892 tute,
861 845 912 880 ut
931 836 1050 895 signo
1074 834 1406 898 quadragenarii

24 908 177 968 jejunii
203 908 258 953 ab
296 908 376 953 isto
405 907 588 963 saeculo‚
620 906 800 971 impleas
837 905 1231 970 quadragenarium
1258 922 1408 951 nume-

0 977 3 1036 ξ
30 995 145 1034 rum,
174 977 276 1041 qui3
306 978 473 1024 sanavit
492 977 616 1022 illum
643 988 871 1037 aegrotum,
903 976 976 1039 qui
1001 993 1089 1021 non
1112 977 1229 1021 venit
1254 977 1411 1036 Legem

2 1069 3 1087 ι
31 1047 206 1103 solvere,
226 1047 298 1093 sed
317 1047 509 1111 implere.

96 1119 173 1164 XI.
205 1118 300 1164 Hoc
340 1118 506 1175 audito,
534 1118 705 1178 dirigite
745 1136 820 1164 cor
844 1128 1035 1164 vestrum
1059 1117 1104 1163 in
1132 1118 1287 1164 Deum.
1324 1117 1412 1163 No-

32 1188 106 1233 lite
128 1205 204 1234 vos
233 1187 393 1234 fallere.
429 1189 555 1234 Tunc
587 1205 663 1234 vos
688 1190 946 1249 interrogate
966 1226 976 1244 ‚
1004 1188 1180 1252 quando
1210 1189 1320 1233 bene
1351 1198 1415 1233 est

34 1259 79 1304 in
102 1257 260 1303 saeculo
275 1277 287 1311 3
305 1261 410 1303 tunc
430 1276 505 1305 vos
522 1260 797 1319 interrogate,
819 1260 853 1304 si
872 1259 1023 1304 amatis
1041 1259 1161 1305 hune
1177 1258 1412 1313 mundum,

36 1337 111 1374 aut
133 1328 167 1373 si
191 1345 279 1373 non
298 1329 448 1374 amatis
471 1349 482 1382 3
510 1328 663 1374 discite
687 1329 904 1375 dimittere
927 1367 937 1385 ,
964 1339 1197 1392 antequam
1218 1329 1418 1374 dimitta—

35 1398 156 1444 mini.
198 1398 317 1454 Quid
361 1409 423 1444 est
463 1399 711 1445 dimittere?
758 1400 915 1446 Animo
963 1417 1051 1445 non
1091 1416 1248 1446 amare.
1302 1405 1415 1444 (lum

37 1467 184 1514 adhuc
221 1478 367 1513 tecum
409 1480 488 1525 est,
524 1469 643 1532 quod
674 1470 906 1516 amissurus
934 1486 994 1525 es,
1038 1479 1114 1513 aut
1156 1469 1296 1525 vivus„
1343 1479 1418 1514 aut

38 1538 222 1584 moriens
256 1537 364 1583 illud
403 1537 584 1584 dimittis
606 1577 616 1595 ‚
647 1557 735 1585 non
764 1550 906 1603 potest
929 1549 1073 1584 tecum
1097 1555 1182 1584 esse
1218 1556 1413 1602 semper:

40 1626 140 1654 cum
160 1626 258 1668 ergo
283 1609 429 1655 adhuc
456 1621 601 1656 tecum
625 1622 686 1656 est
701 1648 711 1666 ‚
737 1610 850 1656 solve
878 1627 1065 1656 amorem
1086 1628 1096 1654 ι
1127 1621 1305 1674 paratus
1330 1621 1419 1655 esto

38 1680 83 1725 in
104 1679 326 1725 voluntate
361 1681 466 1737 Dei,
495 1682 755 1745 suspendere
790 1682 835 1727 in
860 1682 1017 1727 Deum.
1056 1682 1173 1726 Tene
1211 1691 1253 1726 te
1290 1680 1346 1726 ad
1371 1680 1420 1726 il-

42 1749 150 1802 lum,
176 1767 304 1813 quem
326 1768 412 1796 non
443 1752 603 1797 amittis
638 1752 799 1797 invitus
821 1769 831 1796 ε
860 1762 908 1796 ut
931 1752 963 1796 si
981 1751 1210 1811 contigerit
1230 1761 1279 1796 ut
1294 1751 1419 1796 amit-

43 1831 105 1865 tas
140 1821 220 1865 ista
245 1821 516 1885 temporalia,
554 1822 700 1868 dicas:
729 1845 748 1863 «
767 1822 979 1867 Dominus
1011 1821 1157 1878 dedit,
1208 1821 1422 1867 Dominus

43 1911 65 1932 >³
83 1890 291 1944 ahstulit3
320 1892 430 1937 sicut
456 1893 644 1937 Domino
670 1892 854 1955 placuit,
877 1892 935 1936 ita
955 1891 1121 1936 factum
1158 1902 1248 1936 est:
1271 1891 1325 1936 sit
1346 1908 1422 1936 no-

43 1977 182 2005 »mcn
219 1962 394 2007 Domini
432 1962 754 2009 benedictulus&
785 1984 805 2004 »
833 1962 877 2007 Si
916 1972 1059 2007 autem
1091 1962 1337 2022 contigerit,
1381 1972 1424 2006 et

43 2030 130 2076 hoc
148 2030 244 2076 vult
276 2031 409 2082 Deus,
437 2043 485 2077 ut
501 2032 573 2077 illa
595 2050 694 2095 quie
713 2033 851 2078 habes
875 2042 1020 2077 tecum
1044 2032 1130 2077 sint
1156 2049 1289 2095 usque
1314 2031 1359 2076 in
1375 2032 1424 2076 fi-

42 2119 169 2154 nem;
208 2101 372 2147 solutus
391 2103 447 2147 ab
472 2103 556 2148 hac
575 2104 681 2151 vita.
710 2104 872 2166 accipis
899 2102 1126 2148 denarium
1150 2104 1425 2166 quinquage-

8 2232 10 2235 Υ
42 2171 232 2227 narium,
259 2182 301 2216 et
334 2173 384 2217 fit
409 2173 454 2217 in
491 2184 529 2217 te
564 2174 770 2236 perfectio
800 2172 1106 2229 beatitudinis‚
1142 2190 1243 2217 cum
1276 2183 1426 2218 cantas

46 2241 240 2288 Alleluia.
273 2241 381 2288 Haec
407 2242 618 2288 habentes
639 2244 682 2288 in
710 2242 917 2287 memoria
945 2259 1045 2304 quae
1068 2243 1422 2298 commemoravi,

44 2310 214 2357 valeant
255 2322 304 2357 ut
348 2330 435 2357 non
483 2312 672 2371 diligatis
712 2312 935 2358 seeculum.
983 2311 1097 2357 Mala
1136 2323 1198 2357 est
1238 2312 1429 2358 amicitia

45 2380 198 2443 ipsius,
231 2380 358 2427 fallax
395 2392 474 2438 cst.
515 2383 743 2428 inimicum
774 2382 879 2428 facit
914 2383 1053 2428 Deum
1067 2382 1099 2429 5.
1145 2382 1243 2428 Cito
1275 2383 1322 2428 in
1342 2399 1428 2428 una

47 2451 280 2497 tentatione
322 2452 499 2498 offendit
543 2454 658 2498 Deus
692 2453 852 2509 homo,
893 2463 934 2497 et
972 2453 1020 2497 fit
1065 2452 1278 2500 inimicus.
1332 2453 1429 2498 Iino

49 2536 136 2568 non
152 2531 257 2567 tunc
277 2522 327 2567 fit
352 2522 582 2575 inimicum
611 2522 684 2568 sed
704 2533 811 2569 tunc
833 2521 1035 2586 proditur
1057 2522 1258 2568 inimicus
1281 2521 1423 2570 fuisse.

99 2619 108 2642 ¹
130 2619 246 2653 Matth.
280 2633 311 2660 v,
348 2635 401 2662 17.
426 2639 470 2647 —s
494 2622 509 2645 2
536 2625 632 2655 Joan.
653 2636 683 2662 v,
704 2634 736 2665 9,
757 2626 791 2656 et
815 2624 919 2655 Marc.
938 2634 979 2662 11,
1000 2634 1032 2664 9.
1059 2639 1104 2647 υ-
1132 2619 1147 2645 3
1165 2624 1259 2655 Forte
1284 2621 1370 2666 quia.
1386 2640 1430 2647 a*

51 2668 68 2717 ᾗ,
85 2671 200 2716 Job.1‚
219 2684 273 2707 Μ.
291 2691 335 2700 -==
352 2673 366 2698 5
381 2678 475 2709 Forte
491 2679 573 2713 Deo.
1300 2675 1302 2677 ¹
