1866 3241
164 347 308 378 31111110
344 345 522 389 ccxxxi,
560 347 617 380 1113
652 348 810 380 venius
847 344 1000 383 ArosT.
1050 354 1064 383 1
1109 353 1237 385 JOAN.
1278 355 1309 386 1.
1373 336 1478 396 ‘543

98 433 120 456 τι
143 420 234 460 non
253 413 489 460 habentem
512 415 729 461 maculam
751 415 825 462 aut
846 432 1016 477 rugam,
1040 430 1115 465 aut
1134 420 1300 483 ahquid
1324 420 1483 481 hujus-

97 506 119 527 »
142 485 265 531 modi
280 483 313 532 1.
335 505 356 525 »
387 486 647 533 Audivimus
678 487 731 534 de
755 488 874 534 nube
897 506 1056 549 magna
1082 491 1287 538 tonitrua.
1334 492 1488 538 Nubes

97 555 211 600 enim
237 555 317 602 Dei
343 557 592 620 Apostolus.
634 558 776 604 Verba
815 559 897 604 ista
932 571 1200 617 sonuerunt,
1233 572 1274 607 et
1306 572 1486 607 tremere

97 642 175 671 nos
191 625 400 673 fecerunt.

165 697 248 743 ΙΙΙ.
292 696 378 742 Sed
400 697 534 743 dicite
555 699 684 744 nobis
699 736 709 755 ‚
740 710 973 763 antequam
994 708 1241 763 quaeramus
1264 702 1482 764 quomodo

96 766 176 812 ista
188 767 322 812 uerba
338 767 572 831 Apostolus
594 769 763 825 dixerit,
784 770 932 827 dicite,
949 770 1147 835 inquam„
1169 772 1313 828 nobis„
1334 783 1482 818 utrum

96 854 172 883 vos
186 837 295 896 justi
320 837 444 891 estis,
473 841 650 883 annon?
680 839 995 903 Respondent:
1023 841 1136 887 Justi
1170 858 1331 889 sumus.
1368 844 1481 902 Ergo

98 924 186 951 non
209 905 380 950 habetis
397 912 657 969 peccatum?
678 913 757 954 Per
774 926 921 956 omnes
941 911 1048 967 dies,
1074 928 1153 974 per
1171 928 1318 957 omnes
1335 923 1483 958 noctes

98 975 211 1021 nihil
232 975 335 1021 mali
356 976 516 1033 facitis,
540 978 653 1023 nihil
677 978 781 1024 mali
803 979 966 1037 dicitis,
992 980 1104 1025 nihil
1128 982 1230 1027 mali
1247 980 1481 1042 cogitatis?

93 1047 192 1092 Non
223 1045 388 1091 audent
417 1047 594 1093 dicere:
633 1049 771 1096 Nihil.
813 1050 899 1096 Sed
933 1051 1043 1114 quid
1068 1052 1366 1115 respondent?
1395 1053 1482 1098 Nos

95 1116 274 1180 quidem
296 1128 546 1180 peccatores
570 1136 739 1176 311111113,
767 1120 843 1165 sed
867 1120 921 1166 de
945 1122 1103 1167 sanctis
1125 1122 1366 1186 loquimur,
1391 1140 1481 1168 non

93 1187 147 1233 de
165 1187 305 1234 nobis.
333 1187 430 1234 Hoc
453 1195 529 1234 vos
544 1190 782 1253 interrogo,
813 1190 1056 1237 Christiani
1079 1193 1212 1238 estis?
1238 1193 1337 1238 Non
1360 1193 1477 1248 dico,

93 1259 116 1302 J
124 1258 210 1303 usti
229 1258 356 1304 estis?
384 1259 625 1305 Christiani
643 1261 772 1306 estis?
800 1261 900 1306 Non
919 1262 1082 1307 audent
1101 1280 1256 1323 negare
1282 1281 1292 1308 ε
1326 1264 1480 1309 Chris-

94 1329 222 1393 tiani,
235 1328 459 1392 inquiunt,
475 1347 637 1378 sumus,
660 1331 825 1377 Fideles
847 1349 948 1392 ergo
966 1333 1097 1379 estis?
1117 1334 1335 1397 Baptizati
1352 1335 1476 1380 estis?

95 1399 339 1463 Baptizati‚
371 1400 596 1464 inquiunt,
624 1418 786 1449 sumus⁸
824 1403 1010 1448 Dimissa
1037 1413 1139 1448 sunt
1167 1404 1292 1450 vobis
1319 1415 1479 1450 cuncta

95 1474 308 1534 peccata?
331 1471 535 1528 Dimissa,¹
553 1472 773 1536 inquiunt.
793 1473 1027 1529 Quomodo
1045 1491 1145 1534 ergo
1164 1475 1263 1519 estis
1280 1486 1481 1537 peccato-

97 1544 188 1587 res?
207 1541 378 1587 Sufficit
391 1543 501 1589 mihi
512 1543 628 1589 unde
642 1561 716 1590 vos
741 1544 963 1607 repellam.
982 1544 1067 1590 Vos
1085 1545 1325 1590 Christiani
1352 1546 1450 1590 estis
1466 1583 1477 1601 ‚

96 1612 310 1675 baptizati
327 1614 446 1670 estis,
461 1614 607 1660 fideles
623 1615 741 1669 estis,
762 1616 960 1660 membra
978 1615 1186 1658 Ecclesia}
1197 1615 1312 1669 estis,
1341 1625 1383 1658 et
1394 1615 1480 1659 ha-

97 1682 209 1728 betis
234 1683 428 1728 maculas
447 1693 489 1728 et
515 1686 673 1743 rugas?
700 1682 936 1755 Quomodo
965 1700 1065 1743 ergo
1089 1693 1152 1728 est
1184 1682 1376 1728 Ecclesia
1399 1684 1481 1730 isto

101 1764 294 1817 tempore
321 1753 411 1798 sine
435 1754 610 1800 macula·
632 1765 674 1799 et
701 1771 826 1814 ruga,
855 1770 958 1800 cum
980 1771 1057 1800 vos
1085 1753 1175 1799 sitis
1198 1771 1304 1814 ruga
1321 1758 1412 1814 eJ'us
1439 1766 1482 1800 et

100 1823 306 1870 macula?
329 1826 417 1870 Aut
439 1824 472 1869 si
502 1841 591 1870 non
607 1825 740 1871 vultis
762 1841 849 1870 esse
870 1825 1127 1880 Ecclesiam,
1160 1825 1243 1870 nisi
1264 1842 1359 1871 eam
1383 1843 1482 1888 quae

102 1896 190 1940 31116
207 1894 378 1940 macula
395 1905 437 1940 et
454 1912 560 1955 ruga
577 1906 656 1952 est,
677 1912 780 1941 cum
798 1896 915 1955 rugis
930 1896 1081 1942 vestris
1099 1906 1141 1941 et
1160 1895 1341 1940 maculis
1358 1913 1478 1959 prae-

103 1966 245 2011 cedite
266 1983 341 2012 vos
371 1984 396 2011 a
411 1966 623 2012 membris
641 1970 750 2027 ejus,
769 1966 1006 2030 praecedite
1029 1982 1104 2013 vos
1121 1984 1144 2012 a
1166 1983 1350 2029 corpore
1369 1970 1474 2027 ejus,

105 2037 191 2082 Sed
209 2036 318 2100 quid
344 2036 493 2083 adhuc
514 2036 658 2083 dicam
678 2047 726 2082 ut
745 2053 786 2082 se
814 2038 870 2083 ab
892 2037 1084 2083 Ecclesia
1112 2047 1349 2096 segregent,
1379 2054 1481 2083 cum

104 2107 191 2153 hoc
214 2111 305 2167 jam
332 2106 542 2153 fecerint?
573 2108 782 2154 Haeretici
803 2108 918 2153 enim
945 2118 1068 2161 sunt,
1093 2111 1186 2167 jam
1212 2107 1316 2152 foris
1343 2118 1476 2153 sunt:

105 2194 205 2224 cum
233 2188 321 2224 tota
339 2178 555 2224 munditia
569 2196 645 2224 sua
660 2179 780 2236 foris,
803 2188 1114 2226 remanserunt.
1140 2177 1313 2234 Redite,
1341 2189 1383 2223 et
1406 2195 1483 2224 au-

106 2247 226 2300 dite3
253 2248 416 2303 audite,
445 2260 486 2294 et
508 2249 684 2296 credite.

172 2318 247 2365 lV.
305 2318 431 2363 Forte
453 2317 617 2364 dicturi
635 2321 750 2375 estis,
776 2321 821 2365 in
843 2320 973 2366 corde
998 2330 1139 2366 vestro
1162 2319 1333 2366 tumido
1352 2331 1394 2366 et
1408 2320 1482 2366 in-

107 2389 210 2435 flato
235 2407 247 2433 :
268 2388 495 2452 Numquid
517 2389 741 2453 potuimus
763 2389 922 2446 dicere,
951 2391 1053 2452 quia
1065 2391 1174 2448 justi
1188 2394 1368 2437 sumus?
1391 2392 1482 2437 Ne-

108 2476 220 2505 cesse
247 2459 396 2522 utique
418 2471 510 2505 erat
525 2470 707 2523 propter
725 2460 1018 2506 humilitatem
1037 2497 1047 2516 ‚
1077 2470 1126 2505 ut
1149 2459 1388 2507 diceremus
1407 2479 1484 2507 nos

107 2540 354 2593 peccatores
369 2547 467 2578 csse.
498 2532 684 2595 Propter
707 2531 999 2581 humilitatem
1023 2547 1121 2590 ergo
1141 2531 1362 2578 mentiris?
1387 2533 1484 2577 Jus-

108 2604 177 2646 tu's
204 2617 264 2653 es,
289 2600 380 2646 sine
395 2611 577 2665 peccato
601 2618 644 2647 es
665 2618 675 2647 :
701 2601 773 2647 sed
797 2612 977 2667 propter
1001 2601 1294 2648 humilitatem
1321 2601 1431 2649 dicis
1445 2612 1485 2651 te

157 2689 167 2713 ¹
191 2688 309 2734 Ephes.
328 2700 358 2729 v,
379 2691 434 2723 25.
