1866 3241
208 335 351 366 smnio
389 330 547 368 (mxxv,
588 333 642 362 m:
680 330 838 362 venius
877 330 1026 362 Aros'r.
1078 333 1090 362 1
1134 333 1227 363 Tm.
1272 333 1300 363 1.
1375 316 1467 382 487

92 400 344 450 elationem.
382 399 434 444 de
464 408 610 444 monte
642 399 744 444 sacti
780 407 879 442 sunt
904 396 1047 444 valles,
1084 398 1182 444 Jam
1217 398 1251 444 si
1284 398 1472 445 humiles

93 483 217 529 sunt,
248 471 380 519 valles
403 480 528 524 sunt3
558 468 678 532 quod
713 467 921 514 infuderis
950 467 1157 530 capiunt,
1191 485 1280 514 non
1317 468 1472 515 dimit-

95 554 205 590 tunt.
238 542 283 588 Si
306 541 472 588 venerit
496 557 609 603 aqua
643 556 772 603 super
796 537 1089 594 altitudinem,
1116 538 1310 585 decurrit
1332 550 1375 585 et
1397 539 1470 586 de-

94 614 191 660 fluit
215 632 225 659 t
253 613 285 658 si
308 613 476 659 Venerit
501 628 612 674 aqua
637 610 691 656 ad
714 626 955 656 concavum
984 619 1026 653 et
1053 609 1264 655 humilem
1296 610 1469 667 locum,

93 695 135 729 et
149 684 326 748 capitur
342 694 383 729 et
407 692 504 729 stat.
537 682 662 727 'sales
679 685 770 740 jam
794 680 856 726 illi
881 689 1019 735 erant„
1048 680 1308 744 stupebant,
1335 681 1474 728 mira-

93 754 272 811 bantur,
303 753 585 818 perdiderant
609 752 835 799 saevitiam.

160 825 234 872 IV.
278 825 475 888 Denique
509 824 711 887 loquente
748 823 832 868 sibi
860 823 1016 879 Petro,
1054 822 1310 887 compuncti
1343 833 1468 879 sunt,

93 906 135 941 et
163 895 327 942 factum
352 907 414 941 est
440 897 485 941 in
510 895 592 940 illis
613 894 732 958 quod
756 893 952 940 Psalmus
976 894 1235 958 pra‘dixerat
1266 912 1277 939 ι
1305 915 1326 936 «
1353 894 1478 940 Con-

95 987 116 1008 ))
135 984 281 1014 versus
306 984 402 1012 sum
437 967 483 1011 in
519 983 784 1021 antlmnam,
810 982 910 1011 eum
932 966 1221 1025 configeretur
1249 965 1374 1029 spina
1391 963 1425 1012 1.
1457 986 1479 1007 ))

95 1038 217 1095 Quid
241 1049 302 1083 est
324 1038 475 1102 spina?
507 1038 802 1100 Compunctio
833 1037 1122 1100 poenitentiae.
1167 1035 1239 1081 Sic
1269 1035 1405 1081 habes
1440 1047 1483 1082 et

93 1109 226 1155 verba
251 1110 345 1173 ipsa
378 1108 620 1172 Scripturze
652 1109 696 1153 in
728 1108 910 1154 Actibus
936 1107 1259 1171 Apostolorum.
1290 1128 1310 1147 α
1342 1109 1480 1152 Com-

96 1180 291 1245 »puncti
319 1191 423 1225 sunt
450 1179 579 1225 eorde
595 1217 605 1236 ,
633 1190 672 1225 et
693 1179 892 1224 dixerunt
918 1177 973 1224 ad
998 1177 1390 1242 Apostolos:Quid
1409 1177 1479 1223 fa-

96 1271 118 1292 »
142 1250 306 1295 ciemus
322 1251 371 1296 2?
397 1271 418 1292 »
443 1251 588 1306 Quare
612 1250 812 1295 dixerunt
841 1267 850 1294 :
885 1271 904 1291 c<
929 1249 1049 1305 Quid
1069 1249 1311 1294 faciemus?
1339 1270 1359 1290 n
1385 1248 1481 1293 No-

93 1323 236 1368 vimus
251 1321 359 1384 quid
369 1321 549 1367 fecimus
569 1339 578 1365 :
598 1321 705 1384 quid
723 1321 958 1366 faciemus?
978 1321 1016 1377 Q
1024 1331 1205 1365 uantum
1220 1318 1275 1365 ad
1286 1331 1483 1365 nostrum

95 1393 262 1438 factum
285 1393 464 1448 attinet,
489 1392 732 1456 desperatio
762 1402 824 1437 est
849 1392 996 1437 salutis
1019 1408 1030 1437 ε
1057 1392 1111 1436 sit
1138 1408 1236 1450 ergo
1266 1390 1312 1436 in
1338 1400 1480 1437 vestro

96 1462 275 1508 consilio
295 1500 305 1517 ‚
339 1463 373 1508 si
402 1462 494 1507 sieri
517 1472 688 1525 potest,
721 1479 817 1525 spes
851 1461 997 1525 aliqua
1029 1461 1236 1507 sanitatis.
1270 1460 1483 1507 Novimus

97 1532 205 1596 quid
229 1533 471 1588 fecerimus,
503 1532 636 1577 dicite
661 1532 767 1595 quid
791 1532 1015 1578 faciamus.
1049 1531 1171 1587 Quid
1194 1541 1256 1577 est
1280 1530 1400 1594 quod
1423 1531 1482 1577 fe-

96 1604 261 1649 cimus.3
295 1605 393 1648 Non
416 1603 527 1648 enim
557 1619 881 1666 quemcumque
902 1602 1127 1647 hominem
1155 1601 1396 1648 occidimus
1413 1621 1425 1656 3
1444 1612 1487 1647 et

102 1674 292 1720 multum
325 1674 427 1719 mali
460 1673 730 1729 fecissemus,
758 1674 792 1718 si
825 1690 1147 1736 quemcumque
1171 1672 1396 1718 hominem
1418 1672 1484 1718 in-

98 1755 324 1791 nocentem
343 1743 661 1790 occidissemus.
688 1744 924 1789 Latronem
944 1743 1151 1803 elegimus
1167 1780 1178 1799 ,
1202 1743 1480 1789 innocentem

98 1816 362 1868 occidimus3
399 1825 620 1860 mortuum
654 1814 860 1874 elegimus
885 1852 895 1871 ‚
929 1815 1152 1860 medicum
1190 1814 1434 1860 occidimus
1466 1831 1478 1860 t

96 1887 229 1933 dicite
254 1885 362 1949 quid
386 1884 621 1930 faciemus?
649 1885 707 1929 Et
744 1888 916 1941 Petrus,
945 1885 1071 1945 Agite
1091 1884 1419 1948 paenitentiam,
1440 1895 1482 1930 et

97 1959 344 2022 baptizetur
370 1957 666 2019 unusquisque
686 1966 879 2003 vestrum
898 1957 944 2002 in
968 1956 1143 2002 nomine
1172 1956 1349 2002 Domini
1371 1973 1476 2002 nos-

101 2030 153 2076 tri
179 2030 281 2074 Jesu
311 2028 476 2074 Christi
504 2045 514 2073 :
545 2038 593 2072 ut
624 2028 849 2073 transeatis
883 2027 935 2073 de
971 2028 1395 2088 nonaginta-novem
1424 2026 1480 2073 ad

98 2110 274 2145 eentum
301 2118 311 2145 :
345 2099 447 2162 quia
471 2115 572 2144 cum
592 2098 609 2127 ‘⁹‘
636 2099 871 2157 nonaginta
897 2109 938 2143 et
961 2115 1117 2144 novem
1145 2098 1312 2154 essetis,
1335 2098 1480 2161 poeni-

102 2171 278 2216 tentiam
299 2170 424 2215 vobis
449 2169 731 2214 necessariam
757 2185 845 2214 non
866 2169 1091 2232 putabatis
1118 2179 1159 2214 et
1183 2168 1374 2213 Domino
1393 2167 1482 2215 col-

99 2241 248 2301 ligenti
270 2250 518 2303 peccatores
542 2250 585 2284 et
609 2239 774 2285 volenti
798 2256 867 2284 eos
891 2239 1031 2284 facere
1053 2239 1340 2303 poenitentes,
1368 2239 1487 2284 insu-

100 2329 179 2376 per
199 2310 489 2356 insultabatis,
519 2309 651 2356 Modo
670 2327 768 2370 ergo
795 2310 1069 2373 compuncti,
1097 2310 1198 2373 quia
1226 2309 1487 2369 cognovistis

100 2392 333 2446 peccatum
366 2391 582 2436 restrum,
631 2381 741 2440 agite
778 2381 1088 2444 poenitentiam
1109 2418 1119 2434 ,
1161 2391 1203 2425 et
1236 2379 1487 2443 baptizetur

102 2452 399 2514 unusquisque
406 2461 595 2496 vestrum
608 2451 653 2495 in
663 2452 836 2496 nomine
850 2451 1170 2496 Domininostri
1179 2450 1203 2494 J
1207 2466 1280 2495 esu
1293 2449 1456 2495 Christi
1470 2470 1482 2504 3

103 2522 352 2585 baptizetur
370 2522 415 2566 in
436 2525 527 2581 ejus
547 2521 740 2577 nomine,
777 2538 906 2584 quem
930 2520 1146 2566 occidistis
1165 2520 1253 2566 sine
1270 2520 1449 2566 crimine
1473 2537 1485 2565 ι

104 2603 150 2637 et
187 2592 467 2637 remittuntur
496 2591 620 2638 vobis
669 2602 850 2654 peccata
880 2601 1032 2638 vestra.
1076 2590 1265 2637 Reducti
1298 2601 1398 2638 sunt
1431 2591 1479 2636 in

154 2680 164 2701 ¹
188 2680 269 2713 Psat.
290 2691 378 2724 xxxi,
395 2686 426 2716 4.
445 2698 488 2705 -
508 2678 523 2702 ²
540 2682 610 2712 Act.
631 2690 670 2719 11,
691 2681 744 2720 37.
765 2676 834 2703 -3
853 2681 946 2711 Forte
961 2679 1050 2712 deest
1066 2679 1109 2713 in.
