1866 3241
203 338 346 369 sunno
383 338 543 380 cxviii,
583 340 638 370 mx
676 339 831 369 vznms
867 337 1031 369 ssvANG.
1074 339 1203 372 som.
1246 344 1276 374 1.
1374 330 1424 377 31

61 402 176 449 Deus
201 401 363 450 coelum
386 413 427 449 et
455 413 627 451 terram.
662 404 745 449 Per
761 401 868 468 quid
891 402 1020 448 feeit?
1040 425 1060 445 «
1087 404 1191 451 Erat
1214 407 1430 466 Verbum,

61 494 81 514 »
105 484 146 518 et
162 472 354 520 Verbum
371 484 460 519 erat
478 474 595 538 apud
617 473 781 521 Deum1
802 492 812 520 :
837 496 856 515 ›>
875 472 947 520 sed
968 473 1094 537 quale
1111 475 1330 523 Verbum?
1360 480 1435 525 So-

61 543 195 590 nabat
211 554 255 589 et
279 544 517 590 transibat?
545 544 769 609 Numquid
794 543 1069 604 cogitabatur
1093 555 1136 590 et
1152 545 1434 595 volvebatur>

62 615 174 662 Nou.
203 614 538 661 Recordabatur
557 653 568 672 ,
606 626 648 661 et
671 614 1001 680 proferebatur?
1026 616 1137 663 Non.
1173 617 1285 678 Ergo
1312 619 1437 682 quale

60 685 278 731 Verbum?
300 686 420 744 Quid
441 704 463 732 a
483 704 550 732 me
569 686 729 751 quaeris
740 685 904 732 multa?
925 707 945 727 «
966 686 1082 733 Deus
1094 698 1185 733 erat
1199 688 1439 737 Verbum.»

60 755 250 814 Quando
274 755 474 802 audimus
499 774 510 802 t
539 778 559 798 «
580 758 696 803 Deus
725 767 815 803 erat
835 756 1051 813 Verbum,
1080 778 1100 799 υ
1121 775 1209 803 non
1234 758 1439 824 duplica—

60 843 154 872 mus
187 826 352 880 Deum3
387 826 462 885 sed
484 826 765 888 intelligimus
791 825 963 874 Filium.
1001 827 1195 874 Verbum
1221 830 1336 875 enim
1360 831 1439 877 Dei

66 896 196 942 Filius
217 907 292 944 est.
331 897 444 942 Eece
477 897 632 955 Filius,
659 909 702 944 et
730 897 839 962 quid
866 898 948 944 nisi
974 898 1116 944 Deus?
1147 899 1298 945 Nam«
1327 901 1439 947 Deus

63 978 194 1013 »erat
220 966 428 1015 Verbum.
464 989 484 1009 »
513 967 634 1024 Quid
666 971 817 1015 Pater?
856 968 1016 1032 Utique
1060 967 1190 1016 DeuS.
1236 969 1282 1016 Si
1314 973 1441 1018 Pater

62 1039 194 1095 Deus,
228 1048 270 1083 et
296 1037 428 1084 Filius
463 1038 592 1096 DeuS,
626 1037 903 1104 duplicamus
933 1039 1100 1084 Deum?
1144 1039 1282 1088 Absit.
1313 1042 1442 1088 Pater

62 1109 201 1166 Deus,
231 1108 362 1154 Filius
395 1110 511 1154 Deus
534 1126 544 1154 :
572 1108 645 1155 sed
665 1111 794 1154 Pater
820 1119 863 1154 et
890 1107 1022 1154 Filius
1051 1126 1161 1156 unus
1181 1110 1310 1158 Deus.
1344 1113 1441 1159 Non

62 1190 123 1225 est
142 1179 257 1224 enim
287 1179 440 1225 unicus
469 1178 601 1225 Filius
629 1178 793 1235 factus,
823 1178 897 1225 sed
931 1189 1072 1227 natus.
1103 1201 1123 1221 c<
1147 1180 1198 1225 ln
1221 1181 1441 1246 principio

62 1271 83 1292 »
102 1249 203 1296 fecit
220 1251 334 1296 Deus
355 1249 518 1296 coelum
547 1260 589 1295 et
611 1260 800 1295 terram:
828 1271 849 1291 ›>
876 1249 949 1295 sed
969 1261 1062 1295 erat
1078 1250 1272 1297 Verbum
1300 1271 1324 1298 a
1356 1257 1442 1299 Pa—

62 1332 138 1368 tre.
186 1321 300 1381 Ergo
338 1320 503 1366 factum
528 1330 591 1365 est
621 1319 815 1365 Verbum
839 1337 863 1365 a
898 1321 1054 1365 Patre?
1087 1321 1199 1367 Non.
1234 1343 1254 1362 (ι
1280 1321 1441 1369 Omnia

62 1414 83 1434 »
107 1409 186 1455 per
201 1392 345 1455 ipsum
365 1390 480 1436 facta
497 1390 637 1438 sunt2.
666 1412 687 1432 ³>
710 1390 755 1436 Si
774 1390 1009 1454 peripsum
1029 1391 1173 1436 omnia
1189 1391 1303 1438 facta
1321 1405 1438 1451 sunt,

62 1462 277 1527 numquid
291 1472 333 1507 et
351 1461 443 1525 ipse
460 1478 538 1525 per
554 1478 596 1507 se
617 1461 763 1525 ipsum
778 1461 919 1506 factus
941 1463 1029 1506 est?
1058 1462 1140 1506 Per
1163 1478 1293 1525 quem
1319 1464 1443 1510 audis

63 1531 178 1579 facta
206 1550 292 1581 esse
326 1532 494 1586 omnia,
522 1530 612 1578 noli
640 1542 796 1596 putare
826 1530 993 1577 factum
1021 1548 1108 1577 esse
1141 1532 1253 1578 inter
1277 1535 1436 1582 omnia.

2 1643 4 1647 ,
66 1603 177 1649 Nam
203 1603 236 1648 si
265 1613 307 1648 et
329 1602 420 1666 ipse
447 1602 588 1648 factus
610 1612 676 1648 est
692 1639 703 1659 ,
729 1619 818 1647 non
836 1619 916 1665 per
938 1601 1063 1647 illum
1082 1601 1197 1648 facta
1220 1614 1319 1650 sunt
1345 1623 1443 1650 om—

2 1692 5 1718 :
65 1674 157 1731 nia,
181 1672 253 1719 sed
281 1673 394 1719 inter
413 1683 569 1719 caetera
601 1671 744 1718 factus
777 1682 839 1718 est
868 1672 975 1736 ipse.
1006 1671 1147 1718 Dicis:
1178 1674 1335 1720 Factus
1361 1686 1439 1731 est,

65 1744 281 1810 numquid
299 1762 377 1811 per
395 1746 464 1790 se?
485 1742 596 1800 Quis
613 1752 676 1788 est
693 1742 770 1807 qui
785 1741 918 1788 faciat
935 1745 1003 1788 se?
1025 1742 1071 1788 Si
1086 1759 1185 1804 ergo
1205 1743 1345 1791 factus
1361 1757 1440 1801 est,

10 1865 11 1872 ἵ
67 1815 285 1878 quomodo
304 1832 384 1879 per
401 1814 545 1878 ipsum
559 1812 675 1859 facta
694 1823 795 1859 sunt
810 1812 981 1859 omnia?
1009 1813 1123 1859 Ecce
1142 1822 1184 1858 et
1201 1813 1292 1877 ipse
1306 1815 1445 1861 factus

10 1887 12 1924 ἱ
67 1895 149 1942 est,
169 1886 282 1932 sicut
310 1896 359 1932 tu
388 1884 521 1942 dicis,
547 1901 637 1931 non
671 1901 772 1945 ego,
800 1884 901 1948 quia
925 1884 1119 1944 genitum
1138 1901 1225 1929 non
1249 1903 1371 1946 nego.
1399 1888 1444 1933 Si

10 2002 12 2011 ‚
67 1971 165 2015 ergo
182 1955 291 2002 dicis
309 1955 475 2001 factum
492 1972 596 2012 esse,
617 1972 767 2019 quaero
790 1972 869 2019 per
881 1954 988 2019 quid
1001 1992 1012 2012 ,
1032 1971 1182 2019 quaero
1193 1972 1272 2020 per
1293 1974 1437 2021 quem.

70 2029 149 2071 Per
164 2042 206 2071 se
223 2026 394 2090 ipsum?
416 2026 529 2085 Ergo
547 2035 655 2081 erat,
672 2035 906 2089 antequam
923 2025 1060 2081 fieret,
1079 2035 1127 2071 ut
1143 2025 1302 2072 faceret
1319 2045 1360 2074 se
1380 2028 1446 2092 ip-

69 2113 176 2144 sum.
209 2097 253 2142 Si
275 2108 418 2143 autem
440 2096 585 2142 omnia
600 2095 834 2159 peripsum
855 2095 969 2141 facta
987 2106 1104 2152 sunt,
1125 2095 1316 2158 intellige
1343 2099 1445 2162 quia

66 2185 153 2213 non
176 2178 238 2213 est
253 2167 394 2214 faetus
418 2168 525 2231 ipse.
555 2166 705 2212 Sinon
722 2176 845 2231 potes
873 2165 1122 2226 intelligere,
1154 2168 1279 2214 erede
1304 2178 1352 2214 ut
1374 2169 1446 2214 in-

67 2237 242 2298 telligas.
278 2236 494 2285 Praecedit
530 2236 636 2284 fides
660 2274 670 2293 ,
702 2236 898 2300 sequitur
930 2236 1196 2290 intellectus;
1237 2239 1445 2301 quoniam

71 2309 289 2374 Propheta
323 2309 432 2356 dieit
456 2327 466 2355 ε
491 2331 510 2351 «
540 2309 631 2354 Nisi
665 2307 959 2364 credideritis,
990 2325 1079 2353 non
1115 2307 1398 2369 intelligetis-²¹.
1426 2332 1445 2351 ³>

73 2401 92 2420 α
118 2380 222 2426 Erat
239 2379 446 2426 Verbum.
473 2402 492 2421 »
516 2378 612 2424 lNoli
626 2396 724 2438 ergo
746 2394 937 2441 quaerere
950 2387 1120 2442 tempus
1141 2378 1200 2434 ei,
1224 2396 1303 2442 per
1318 2396 1445 2443 quem

71 2450 183 2496 facta
203 2461 303 2496 sunt
322 2461 530 2514 tempora.
558 2472 577 2490 c<
604 2451 709 2494 Erat
727 2448 936 2494 Verbum.
966 2470 986 2489 »
1009 2448 1092 2494 Sed
1120 2458 1167 2494 tu
1187 2448 1295 2495 dicis
1319 2467 1329 2495 ε
1359 2450 1445 2496 Ali-

73 2521 246 2585 quando
269 2539 357 2566 non
381 2532 471 2566 erat
491 2520 697 2566 Verbum.
729 2518 944 2573 Mentiris,
974 2535 1187 2583 nusquam
1208 2519 1323 2580 legis,
1357 2521 1446 2580 Ego

72 2602 212 2638 autem
231 2591 324 2651 lego
342 2592 421 2637 tibi
444 2609 453 2636 ε
476 2613 494 2631 <‹
517 2592 568 2636 In
582 2589 804 2654 principio
817 2599 906 2633 erat
919 2588 1126 2636 Verbum.
1152 2589 1306 2647 »Quid
1327 2607 1444 2655 quae-

116 2685 271 2723 ¹Joan.1‚
290 2682 412 2718 2.—2
431 2683 514 2717 [bid.
534 2685 565 2716 3.
581 2681 743 2715 -3153‘5'
766 2690 826 2717 ut,
848 2692 879 2721 9.
