1866 3241
249 341 391 372 SERMO
427 341 494 381 CL,
533 339 587 371 DE
623 340 780 372 VERBIS
816 342 915 374 ACT.
958 342 1111 375 APOST.
1152 346 1261 377 XVII.
1355 333 1443 395 ‘³57

75 405 355 453 credentium.
388 428 408 448 ιι
435 406 627 463 Quidam
669 407 782 454 enim
800 446 811 461 ,
839 420 887 454 ut
922 409 1136 473 scriptum
1164 427 1250 456 esse
1273 411 1446 457 audivi-

76 498 97 519 »
121 494 231 534 mus,
256 477 498 523 irridebant
524 495 535 522 :
564 476 745 540 quidam
769 478 976 525 dicebant
1001 498 1010 524 :
1039 502 1059 521 »
1083 480 1318 526 Audiemus
1343 492 1379 527 te
1397 481 1449 527 de

76 569 97 591 »
119 547 204 594 hoc
224 548 379 594 iterum
403 568 414 601 ;
434 570 452 589 »
472 548 542 593 isti
562 547 814 595 dubitantes
828 561 950 596 erant
969 568 980 596 :
1001 550 1136 615 aliqui
1151 551 1443 600 crediderunt.

75 619 191 665 Inter
214 618 439 665 irridentes
463 628 505 663 et
531 618 770 676 credentes,
794 619 925 666 medii
946 631 1046 666 sunt
1069 620 1333 668 dubitantes,
1359 622 1449 677 Qui

72 687 244 745 irridet,
271 688 389 735 cadit
413 705 423 733 :
452 688 528 751 qui
557 687 723 745 credit,
753 699 836 735 stat
865 708 875 735 ε
910 691 986 754 qui
1014 690 1218 747 dubitat,
1245 690 1444 738 fluctuat.

75 781 95 803 «
116 759 352 807 Audiemus
375 770 415 804 te
437 758 491 805 de
509 759 595 805 hoc
617 758 773 806 iterum
788 799 799 818 ,
822 783 843 804 >>
862 761 1071 825 inquiunt
1092 780 1102 806 :
1127 762 1340 807 incertum
1359 799 1369 817 ‚
1396 779 1451 807 an

74 830 212 877 casuri
236 840 375 877 essent
398 847 500 876 cum
521 828 822 888 irridentibus,
853 850 908 877 an
929 832 1082 878 staturi
1108 848 1208 878 cum
1232 831 1453 878 credenti-

73 901 167 949 bus.
205 900 433 964 Numquid
462 911 607 946 tamen
642 901 829 947 inaniter
859 902 1078 949 laboravit
1114 903 1345 948 seminator
1382 901 1452 947 ille

71 973 337 1019 verborum?
363 971 440 1017 Ille
464 989 566 1019 vero
588 973 622 1018 si
648 972 902 1018 formidaret
917 973 1162 1031 irridentes,
1185 991 1271 1019 non
1297 991 1451 1038 perve-

71 1045 180 1091 niret
201 1045 255 1091 ad
272 1043 492 1090 credentes
520 1061 530 1088 ε
559 1043 783 1106 quomodo
805 1044 1038 1090 seminator
1056 1044 1127 1090 ille
1147 1044 1420 1104 evangelicus
1434 1084 1445 1103 ‚

74 1133 199 1180 quem
215 1125 524 1163 commemorat
538 1114 750 1160 Dominus
765 1152 775 1171 ,
805 1115 927 1178 (nam
950 1115 1101 1178 utique
1114 1115 1201 1160 hoc
1219 1126 1309 1160 erat
1328 1116 1450 1161 Pau—

72 1186 138 1233 lus
157 1187 190 1250 ‚)
214 1187 248 1232 si
266 1186 502 1250 trepidaret
517 1186 685 1231 mittere
702 1184 882 1242 semina,
902 1202 955 1230 ne
973 1184 1090 1231 aliud
1111 1184 1283 1230 caderet
1299 1187 1343 1230 in
1362 1186 1450 1244 via,

76 1256 195 1303 aliud
214 1257 325 1303 inter
363 1257 508 1320 spinas
524 1293 535 1312 ‚
563 1255 683 1300 aliud
718 1254 763 1300 in
786 1254 882 1300 loca
905 1266 1106 1319 petrosa3
1132 1272 1358 1318 nunquam
1385 1273 1453 1300 se-

72 1344 171 1374 men
190 1338 331 1391 posset
351 1327 480 1372 etiam
497 1325 552 1371 ad
580 1336 738 1370 terram
766 1325 980 1388 optimam
999 1325 1222 1388 pervenire
1235 1325 1267 1371 1.
1299 1326 1355 1370 'Et
1373 1343 1450 1372 nos

73 1397 343 1453 seminemus,
367 1413 619 1461 spargamus
644 1413 654 1439 z
681 1393 813 1440 corda
830 1406 1093 1458 praeparate,
1121 1395 1313 1441 fructum
1329 1396 1442 1444 date.

137 1467 220 1514 llI.
254 1467 350 1513 Hoc
374 1483 566 1530 quoque,
593 1465 626 1510 si
642 1464 840 1510 meminit
860 1464 1064 1510 Charitas
1079 1465 1245 1521 Vestra,
1269 1483 1368 1511 cum
1386 1465 1451 1512 le-

70 1547 235 1595 geretur
259 1536 504 1582 audivimus
518 1572 528 1590 ‚
561 1533 680 1597 quod
717 1533 898 1596 quidam
918 1551 966 1580 ex
983 1534 1259 1598 philosophis
1279 1537 1449 1599 Epicu-

67 1608 146 1654 reis
174 1619 215 1654 et
252 1607 408 1654 Stoicis
440 1606 723 1653 conferebant
762 1622 864 1650 cum
890 1607 1111 1670 Apostolo.
1148 1607 1235 1663 Qui
1268 1608 1353 1653 sint
1379 1610 1442 1654 vel

67 1676 226 1725 fuerint
246 1676 502 1742 philosophi
520 1675 726 1739 Epicurei
744 1686 786 1721 et
807 1676 943 1721 Stoici
958 1714 968 1732 ,
997 1676 1043 1721 id
1067 1688 1146 1733 est,
1176 1677 1283 1740 quid
1301 1696 1444 1724 sense-

67 1748 183 1807 rint,
205 1749 312 1814 quid
339 1766 490 1795 verum
524 1765 609 1793 esse
641 1747 918 1810 putaverint,
947 1747 1054 1810 quid
1087 1747 1444 1811 philosophando

34 1782 37 1856 l
67 1821 214 1866 sectati
243 1821 351 1870 sint.
380 1817 534 1883 procul
573 1817 710 1862 dubio
734 1816 862 1862 multi
885 1827 1076 1863 vestrum
1108 1819 1338 1864 nesciunt:
1368 1820 1441 1865 sed
1493 1832 1499 1838 '

67 1891 271 1953 quoniam
311 1889 568 1948 Carthagini
596 1887 843 1951 loquimur,
882 1887 1010 1933 multi
1032 1888 1188 1935 sciunt.
1220 1889 1440 1949 Adjuvent

65 1975 163 2020 ergo
180 1961 311 2006 modo
330 1977 407 2005 nos
430 1959 623 2004 dicturos
635 1958 773 2004 vohis.
801 1957 868 2003 Ad
889 1975 979 2003 rem
1000 1959 1165 2022 quippe
1189 1959 1315 2005 valde
1332 1978 1437 2024 per-

63 2030 189 2087 tinet,
213 2030 331 2095 quod
350 2040 458 2093 puto
468 2046 553 2074 esse
569 2029 817 2075 dicendum.
840 2028 1031 2074 Audiant
1048 2046 1124 2074 nos
1149 2041 1190 2074 et
1206 2032 1440 2078 nescientes

65 2111 105 2146 et
127 2102 305 2147 scientes
333 2118 342 2145 ε
369 2101 603 2145 nescientes
620 2100 909 2149 instruantur„
934 2099 1111 2145 scientes
1134 2117 1436 2147 commonean—

64 2180 136 2217 tur
162 2189 173 2216 :
201 2171 266 2217 illi
285 2181 563 2230 cognoscant,
586 2169 648 2214 illi
667 2179 988 2228 recognoscant.

130 2242 203 2290 IV.
234 2242 380 2287 Primo
408 2240 656 2301 generaliter
682 2239 828 2285 audite
851 2239 1046 2284 oninium
1068 2240 1436 2303 philosophorum

65 2328 291 2358 commune
323 2311 517 2357 studium
540 2349 550 2368 ,
578 2312 623 2356 in
648 2328 735 2374 quo
767 2309 912 2355 studio
938 2311 1162 2355 communi
1187 2311 1439 2359 hahuerunt

65 2384 254 2447 quinque
261 2382 490 2428 divisiones
499 2382 806 2428 etdifferentias
817 2380 1124 2426 sententiarum
1133 2383 1427 2444 propriarum.

67 2452 366 2500 Communiter
384 2470 530 2498 omnes
547 2452 803 2516 philosophi
825 2450 1057 2507 studendo,
1080 2452 1335 2514 quaerendo,
1353 2454 1439 2500 dis-

62 2525 276 2588 putando,
305 2523 490 2569 vivendo
514 2524 819 2587 appetiverunt
835 2521 1161 2585 apprehendere
1182 2523 1317 2569 titam
1334 2524 1436 2571 bea-

65 2604 166 2642 tam.
196 2595 305 2641 Haec
328 2611 414 2641 una
435 2594 519 2640 fuit
536 2611 664 2642 causa
680 2591 1026 2657 philosophandi
1058 2610 1067 2636 :
1093 2593 1164 2639 sed
1190 2604 1299 2657 puto
1317 2597 1437 2658 quod

39 2699 42 2735 ἲ
117 2683 128 2705 ¹
150 2682 269 2715 Mauh.
289 2693 361 2717 xm.

40 2766 42 2777 ¹
200 2750 347 2783 cxxvi.
1273 2750 1285 2781 1
1301 2745 1324 2797 7

40 2806 43 2840 Ι
