1866 3241
372 291 401 348 [2
792 305 826 336 s.
868 304 1107 336 Aususrmr
1143 303 1347 335 mscom

371 373 431 417 ait
453 390 463 416 ε
485 393 504 413 «
527 369 833 417 Verumtamen
850 387 949 416 eum
970 370 1135 416 venerit
1151 369 1281 414 Filius
1296 368 1484 414 hominis
1498 405 1509 424 ‚
1529 377 1657 431 putas
1671 366 1736 413 in-

370 462 391 483 »
412 442 554 487 veniet
575 441 704 486 fidem
730 441 774 486 in
800 440 967 486 tei-ruffi?
992 462 1010 481 ›)
1037 441 1081 485 Si
1111 439 1216 485 fides
1239 439 1408 495 deficit,
1442 439 1578 483 oratio
1602 437 1727 500 perit.

368 512 476 567 Quis
498 511 612 557 enim
630 521 725 556 orat
742 511 859 573 quod
885 529 971 556 non
989 510 1152 556 eredit?
1178 509 1299 554 [nde
1331 520 1373 554 et
1391 507 1620 572 Apostolus
1637 507 1737 552 bea-

366 592 453 637 tus,
475 598 573 627 eum
591 580 645 626 ad
661 581 874 626 orandum
894 581 1207 635 exhortaretur,
1225 580 1283 624 ait
1300 597 1310 624 z
1328 600 1347 619 «
1368 578 1523 623 Omnis
1541 577 1737 640 quicum-

367 672 388 692 »
410 668 492 714 que
525 651 789 697 invocaverit
820 668 978 695 nomen
1007 650 1181 695 lloniini
1200 687 1210 705 ,
1240 649 1380 695 salvus
1410 649 1535 694 eritss.
1562 668 1582 688 »
1609 647 1664 691 Et
1691 656 1738 692 ut

368 721 609 766 ostenderet
628 720 757 765 fidem
782 720 944 766 iontem
976 738 1061 765 esse
1086 720 1290 764 orationis
1305 756 1315 775 ‚
1342 736 1421 764 nec
1447 735 1568 781 posse
1592 717 1651 762 ire
1675 716 1738 762 ri-

369 807 491 847 runiq
511 791 587 835 ubi
601 800 735 853 eaput
750 808 874 852 aquae
896 791 1099 845 siccatur,
1123 789 1317 848 adjunxit
1330 799 1459 852 atque
1478 788 1560 832 ait:
1582 809 1602 828 ι(
1621 788 1738 842 Quo-

365 881 386 902 »
406 860 535 906 modo
560 871 702 906 autem
724 861 995 906 inx‘oeabunt
1017 861 1061 905 in
1088 877 1216 922 quem
1247 876 1332 904 non
1366 857 1696 903 crediderunt&
1717 878 1738 898 >³

366 932 480 990 Ergo
506 941 552 975 ut
578 947 763 985 oremus,
790 930 1033 985 credamus,
1061 940 1101 974 et
1128 930 1283 992 utipsa
1308 946 1395 974 non
1413 928 1588 973 deficiat
1613 926 1735 983 fides,

365 1017 450 1062 qua
467 1016 655 1054 oramus„
677 1016 858 1045 oremus
892 1000 1016 1044 Fides
1041 999 1187 1044 fundit
1210 999 1465 1053 orationem,
1490 997 1583 1043 fusa
1603 996 1739 1042 oratio

363 1069 464 1114 fidei
489 1070 692 1132 impetrat
712 1069 973 1115 firmitatem.
1006 1069 1147 1125 Fides,
1173 1069 1370 1131 inquam,
1398 1067 1544 1113 fundit
1576 1066 1740 1112 oratio-

364 1156 482 1195 nem,
514 1138 606 1183 fusa
624 1138 761 1182 oratio
783 1138 910 1183 etiam
930 1138 1012 1201 ipsi
1029 1137 1129 1182 fidei
1150 1139 1354 1201 impetrat
1377 1137 1639 1182 firmitatem.
1666 1136 1740 1180 Et-

365 1209 480 1252 enim
502 1226 555 1252 ne
576 1208 621 1252 in
641 1208 953 1252 tentationibus
974 1208 1174 1253 deficeret
1190 1208 1311 1263 fides,
1338 1218 1564 1271 propterea
1589 1206 1742 1250 Domi-

368 1295 450 1323 nus
469 1278 527 1322 ait
552 1295 562 1321 :
589 1275 810 1334 «Vigilate
838 1287 879 1320 et
903 1288 1044 1331 orate,
1069 1295 1120 1321 ne
1150 1278 1315 1321 intretis
1341 1278 1385 1322 in
1413 1273 1733 1321 tentationem4.

368 1369 389 1389 >-›
408 1346 614 1406 Vigilate,
639 1345 805 1407 inquit„
830 1355 871 1389 et
891 1356 1007 1390 orate
1025 1383 1035 1401 ‚
1063 1363 1115 1390 ne
1139 1346 1305 1390 intretis
1330 1346 1375 1390 in
1403 1346 1692 1391 tentationem.
1720 1366 1740 1386 >2

372 1417 493 1473 Quid
517 1427 595 1471 est,
621 1416 667 1461 in
687 1416 965 1460 tentationem
987 1416 1164 1471 intrare,
1185 1417 1264 1460 nisi
1281 1434 1302 1460 a
1325 1416 1410 1461 fide
1424 1416 1558 1461 exire'?
1587 1417 1633 1460 ln
1648 1426 1740 1460 tan-

368 1498 463 1531 tuin
486 1486 600 1531 enim
627 1485 803 1530 tentatio
827 1486 1019 1548 proficit,
1054 1487 1097 1531 in
1122 1497 1331 1548 quantum
1361 1486 1467 1531 fides
1502 1485 1672 1538 deficit3
1700 1496 1742 1531 et

369 1557 415 1602 in
437 1566 606 1601 tantum
626 1555 805 1599 tentatio
817 1555 981 1609 deficit,
1002 1556 1046 1600 in
1064 1567 1277 1619 quantum
1299 1556 1405 1601 fides
1425 1556 1613 1619 proficit.
1631 1555 1743 1600 'Nam

370 1636 419 1671 ut
445 1625 635 1689 apertius
651 1624 819 1670 noverit
843 1624 1044 1670 Charitas
1070 1627 1230 1671 Vestra.
1252 1626 1305 1671 de
1322 1626 1406 1671 fide
1426 1644 1477 1670 ne
1490 1625 1690 1671 deficeret
1700 1635 1744 1670 et

370 1696 547 1758 periret,
578 1694 729 1739 dixisse
753 1694 988 1739 Dominum
1009 1712 1020 1739 :
1042 1695 1260 1755 «Vigilate
1283 1707 1324 1741 et
1343 1706 1478 1751 orate,
1506 1712 1559 1740 ne
1577 1694 1742 1740 intretis

374 1764 465 1811 »in
488 1764 768 1810 tentationem
786 1801 796 1820 ‚
822 1785 842 1805 »
863 1782 911 1810 eo
946 1764 1041 1810 loeo
1076 1766 1297 1826 Evangelii
1331 1766 1389 1811 ait
1416 1784 1426 1811 ε
1452 1788 1472 1807 <‹
1492 1766 1586 1811 Hac
1616 1775 1742 1811 noete

372 1856 394 1877 »
413 1834 650 1899 postulavit
670 1834 849 1879 Satanas
871 1851 1021 1880 vexare
1043 1853 1118 1880 vos
1136 1836 1247 1882 sieut
1270 1837 1463 1881 vtriticum
1480 1856 1491 1889 ς
1516 1846 1557 1880 et
1573 1852 1649 1895 ego
1666 1852 1742 1880 ro-

373 1925 395 1946 »
415 1905 510 1964 gari
535 1921 616 1967 pro
641 1914 705 1960 te,
726 1905 875 1960 Petre,
907 1922 959 1950 ne
983 1905 1157 1950 deficiat
1186 1906 1291 1950 fides
1315 1916 1387 1951 tua
1401 1906 1433 1951 5.
1455 1927 1474 1946 »
1501 1906 1642 1964 Rogat
1666 1904 1743 1967 qui

372 1985 544 2030 tuetur,
567 1984 609 2019 et
640 1991 726 2019 non
755 1984 877 2033 rogat
909 1975 982 2037 qui
1016 1975 1285 2037 periclitatur
1297 1979 1315 2020 ἒ)
1351 1975 1479 2031 Quod
1515 1985 1657 2020 autem
1683 1974 1743 2019 ait

374 2045 587 2089 Dominus
608 2061 619 2088 ε
647 2065 670 2084 α
689 2045 802 2088 Cum
824 2045 987 2088 venerit
1012 2044 1143 2089 Filius
1170 2045 1375 2099 hominis‚
1403 2055 1531 2107 putas
1554 2043 1747 2089 inveniet

375 2136 395 2156 >³
415 2115 544 2160 fidem
563 2115 609 2159 in
636 2117 772 2160 terrai)
800 2135 820 2155 >2
847 2113 899 2159 de
926 2114 1011 2159 fide
1038 2115 1168 2171 dixit,
1202 2132 1299 2178 quae
1321 2115 1509 2179 perfecta
1538 2124 1613 2160 est.
1648 2115 1747 2177 Ipsa

375 2185 488 2230 enim
506 2184 576 2230 vix
593 2184 810 2229 invenitur
826 2183 871 2228 in
895 2194 1021 2230 terra.
1044 2185 1156 2230 Eece
1178 2185 1304 2248 plena
1334 2195 1393 2230 est
1413 2184 1489 2229 Dei
1514 2183 1703 2229 Ecclesia
1731 2201 1742 2228 z

377 2255 473 2317 quis
492 2254 835 2309 l1u‹:accede1·et‚
858 2254 891 2299 si
916 2254 1030 2299 nulla
1049 2265 1153 2299 esset
1177 2255 1312 2300 fides?
1338 2255 1446 2310 Quis
1470 2271 1557 2298 non
1580 2263 1746 2298 montes

382 2324 642 2380 transferret,
659 2324 691 2368 si
710 2323 835 2386 plena
858 2336 963 2369 esset
975 2325 1079 2370 fides
1088 2329 1106 2370 ἒ)
1125 2325 1344 2370 Attendite
1360 2325 1474 2387 ipsos
1491 2322 1713 2386 Apostolos
1730 2340 1741 2367 z

379 2394 563 2439 dimissis
586 2393 787 2438 omnibus
804 2394 905 2448 suis,
928 2394 1089 2440 ealeata
1117 2413 1190 2457 spe
1211 2394 1374 2449 saculi,
1403 2393 1635 2439 Dominum
1658 2409 1746 2437 non

378 2475 672 2528 sequerentur,
699 2465 780 2510 nisi
808 2482 1009 2524 magnam
1035 2465 1246 2510 haberent
1274 2465 1433 2519 fidem3
1465 2475 1506 2509 et
1534 2474 1677 2509 tamen
1711 2463 1747 2508 si

425 2571 435 2591 ¹
457 2572 531 2601 Luc.
549 2580 642 2608 xvm,
661 2580 673 2599 1
691 2575 720 2601 et
736 2571 768 2604 8,
787 2587 833 2593 —
848 2568 863 2591 2
880 2573 972 2602 Rom.
992 2581 1022 2609 x,
1049 2572 1101 2604 13,
1117 2587 1161 2593 —-—
1181 2567 1195 2592 3
1214 2569 1298 2604 Ibid.
1325 2576 1381 2607 24.
1397 2586 1440 2593 —-
1455 2566 1469 2591 ⁴
1491 2571 1567 2602 Luc.
1587 2578 1668 2612 xxix,
1689 2567 1744 2604 46.

379 2639 424 2647 —
439 2620 452 2644 5
470 2622 551 2657 lbid.
573 2623 629 2663 31,
647 2623 703 2656 32,

1801 2442 1806 2498 l
1819 2522 1821 2525 .
