1866 3241
207 317 350 350 sERMo
387 318 484 360 etv,
524 318 580 351 DE
615 318 774 352 vrnms
811 318 965 352 Arosr.
1007 321 1114 355 noir.
1155 323 1255 357 vm.
1329 308 1424 360 323

46 385 262 449 quebatur
280 423 291 442 ,
317 396 359 432 et
386 396 529 432 tamen
561 385 758 445 adjunxit
780 404 790 432 :
819 407 839 427 «
866 386 953 433 Vos
981 399 1126 434 autem
1150 407 1239 436 non
1265 391 1362 437 estis
1382 393 1429 439 in

23 477 68 499 ·>›
90 473 232 504 carne.
266 478 286 498 >2
312 456 447 502 Putas
474 467 537 501 est
562 456 716 519 aliquis
735 456 809 503 hic
831 456 877 502 in
891 456 1036 514 nobis,
1063 459 1133 504 cui
1151 459 1320 506 dictum
1338 466 1428 508 est?

47 526 160 575 Ecce
181 526 349 590 populo
378 527 457 572 Dei
474 526 599 583 dixit,
622 525 828 572 Ecclesiae
851 526 959 572 dixit
983 544 995 573 ε
1019 528 1229 575 Romanis
1252 531 1431 593 quidem

47 596 288 652 scribebat3
316 596 390 643 sed
408 597 619 643 universas
650 596 817 642 christi
846 596 1049 644 Ecclesiae
1075 597 1183 645 dixit
1213 619 1224 654 3
1248 600 1322 646 sed
1344 602 1430 647 tri-

46 667 132 715 tico
159 667 290 725 dixit,
316 685 404 714 non
429 667 593 731 paleae3
624 684 776 713 massae
805 666 913 713 dixit
934 667 1114 725 latenti,
1141 670 1431 735 non‘stipulae

0 753 1 778 1
48 738 286 802 apparenti.
320 738 625 802 Unusquisque
656 738 701 782 in
723 737 854 784 corde
881 754 959 784 suo
983 750 1203 799 agnoscat.
1234 741 1324 787 Nos
1346 759 1431 788 au·-

46 809 165 856 ribus
195 807 439 872 loquimur,
483 808 767 855 conscientias
804 825 894 854 non
923 808 1121 856 videmus
1149 828 1160 856 ε
1190 821 1337 858 tamen
1361 830 1432 859 se·-

50 878 243 927 cundum
269 897 317 925 ea
341 897 441 943 quae
463 880 660 943 superius
687 878 826 925 locuti
852 896 1000 925 sumus
1015 917 1027 937 ,
1057 881 1253 929 existimo
1276 883 1323 928 in
1347 901 1433 930 no-

47 951 161 998 mine
187 950 355 996 Christi
392 968 477 996 esse
505 951 551 996 in
578 950 709 1014 plebe
739 950 906 996 Christi
930 951 1092 1014 quibus
1126 952 1296 1000 dictum
1334 966 1397 1001 est
1416 973 1430 1001 ι

48 1043 68 1064 «
86 1022 172 1069 Vos
190 1033 332 1068 autem
352 1039 443 1068 non
465 1022 565 1068 estis
588 1021 635 1067 in
657 1038 806 1077 carne,
833 1021 908 1067 sed
936 1022 983 1068 in
1009 1023 1180 1086 Spiritu
1198 1043 1210 1070 ε
1229 1026 1264 1071 si
1285 1036 1434 1074 tamen

48 1113 69 1135 >2
95 1091 282 1156 Spiritus
306 1092 386 1137 Dei
415 1091 590 1137 habitat
613 1091 659 1137 in
682 1090 809 1138 vobis
828 1089 864 1138 1.
896 1092 996 1138 Non
1020 1093 1121 1140 estis
1143 1094 1191 1140 in
1224 1112 1379 1154 carne,
1411 1118 1434 1139 >2

48 1163 149 1226 quia
181 1180 270 1210 non
295 1161 438 1208 facitis
468 1179 600 1226 opera
619 1160 761 1208 carnis
784 1162 1095 1210 consentiendo
1113 1167 1433 1230 concupiscen-

47 1233 116 1278 tiis
133 1233 277 1278 carnis
299 1249 310 1277 ε
337 1252 358 1274 α
389 1231 474 1277 Sed
502 1232 600 1277 estis
621 1231 667 1277 in
687 1231 883 1294 SpiritU‚
908 1254 928 1274 ›>
954 1234 1059 1295 quia
1086 1236 1330 1282 secundum
1358 1238 1434 1283 in—

46 1302 245 1349 teriorem
269 1301 493 1348 hominem
517 1301 882 1348 condelectamini
906 1302 990 1363 legi
1009 1305 1089 1350 Dei
1117 1322 1129 1351 :
1155 1316 1198 1351 et
1224 1306 1312 1353 hoc
1329 1318 1392 1353 est
1418 1325 1432 1353 ε

51 1372 96 1418 Si
116 1382 261 1418 tamen
281 1372 470 1435 Spiritus
501 1371 581 1417 Dei
601 1370 778 1417 habitat
794 1370 843 1418 in
862 1372 1001 1421 vobis,
1026 1394 1048 1416 ))
1074 1375 1187 1421 Nam
1210 1376 1246 1421 si
1266 1376 1319 1422 de
1347 1378 1436 1442 spi-

49 1442 136 1492 ritu
150 1453 292 1488 vestro
317 1441 600 1504 praesuiniti5‚
629 1441 778 1487 adhuc
800 1441 847 1487 in
867 1459 997 1488 carne
1014 1444 1128 1491 estis.
1159 1444 1205 1491 Si
1224 1463 1324 1507 ergo
1345 1465 1437 1496 non

51 1513 148 1561 estis
166 1513 213 1558 in
239 1529 386 1568 carne,
408 1522 457 1557 ut
475 1511 523 1558 in
546 1510 714 1574 Spiritu
735 1510 817 1557 Dei
834 1511 957 1566 sitis3
984 1523 1090 1560 tunc
1110 1515 1291 1562 enimin
1307 1534 1439 1565 carne

50 1600 137 1631 non
157 1582 270 1629 estis,
301 1583 414 1628 Nam
438 1583 473 1628 si
499 1581 674 1627 recedat
697 1581 889 1645 Spiritus
909 1582 1013 1640 Dei,
1034 1585 1229 1648 pondere
1247 1604 1324 1633 suo
1340 1589 1437 1652 spi-

50 1653 157 1701 ritus
168 1653 358 1700 hominis
368 1651 661 1701 revolviturin
679 1669 874 1709 carnem,
898 1652 1078 1700 reditad
1090 1655 1205 1702 facta
1218 1657 1430 1716 carnalia,

51 1724 162 1771 redit
179 1724 235 1770 ad
252 1723 628 1788 concupiscentias
647 1722 876 1769 saeculares
903 1740 915 1768 :
941 1743 964 1766 ‹<
990 1725 1047 1770 Et
1065 1737 1193 1772 erunt
1207 1727 1324 1774 itlius
1346 1728 1436 1774 ho-

53 1815 74 1837 »
97 1794 225 1842 minis
237 1798 385 1858 peJ‘ora
410 1794 643 1841 novissima
665 1810 799 1857 quam
817 1804 941 1839 erant
962 1795 1106 1858 prima
1125 1796 1160 1843 2.
1190 1818 1212 1838 »
1233 1797 1306 1843 Sic
1335 1815 1437 1859 ergo

51 1864 210 1913 habete
228 1865 419 1912 liberum
442 1863 693 1920 arbitrium,
715 1873 765 1909 ut
784 1862 1028 1927 imploretis
1048 1864 1271 1914 auxilium.
1295 1888 1317 1910 c<
1337 1868 1438 1915 Non

54 1957 74 1979 ι)
97 1935 197 1983 estis
218 1935 266 1981 in
288 1952 435 1989 carne,
457 1955 479 1977 »
506 1944 550 1980 et
566 1933 655 1980 hoc
676 1951 724 1980 ex
745 1933 917 1980 viribus
934 1934 1118 1981 vestris?
1144 1936 1286 1984 Absit.
1310 1937 1438 1984 Unde

53 2009 176 2066 ergo?
202 2027 224 2048 «
258 2005 305 2051 Si
323 2016 470 2052 tamen
491 2004 682 2067 Spiritus
707 2003 788 2049 Dei
818 2003 995 2049 habitat
1014 2005 1063 2050 in
1084 2006 1225 2054 vobis.
1259 2007 1307 2053 Si
1340 2007 1440 2071 quis

55 2095 75 2118 ι)
92 2085 236 2122 autem
263 2073 477 2137 Spiritum
502 2070 667 2115 Christi
684 2086 773 2115 non
794 2070 934 2115 habet
950 2106 962 2126 ‚
984 2071 1060 2117 hic
1082 2090 1171 2118 non
1195 2086 1259 2119 est
1279 2080 1387 2135 ejus.
1415 2099 1438 2120 »

56 2146 154 2193 Non
184 2161 282 2205 ergo
312 2160 355 2189 se
385 2141 617 2195 extendat,
648 2156 738 2186 non
773 2156 816 2185 se
835 2143 1003 2200 jactet,
1038 2158 1128 2188 non
1156 2143 1241 2190 sibi
1268 2157 1440 2207 arroget

55 2215 257 2264 virtutem
280 2213 507 2278 propriam
524 2249 536 2268 ,
566 2227 702 2271 egena
723 2220 765 2256 et
783 2209 937 2257 vitiata
975 2221 1147 2260 natura.
1177 2212 1218 2258 O
1241 2213 1441 2265 humana

56 2286 236 2334 natura!
276 2302 302 2332 o
331 2284 496 2340 Adam,
535 2281 717 2345 quando
747 2299 878 2327 sanus
902 2298 993 2328 eras
1012 2319 1023 2339 ‚
1061 2300 1151 2330 non
1177 2285 1357 2344 stetisti,
1395 2298 1441 2334 et

56 2355 140 2403 tuis
169 2355 336 2403 viribus
367 2352 619 2400 surrexisti?
650 2373 671 2394 α
701 2351 749 2397 Si
772 2352 869 2415 quis
902 2351 1117 2416 Spiritum
1151 2354 1319 2402 Christi
1347 2374 1439 2405 non

58 2425 229 2474 »habet
251 2442 262 2471 ε
285 2446 305 2467 »
325 2424 452 2487 (Ipse
467 2422 583 2469 enim
604 2421 794 2484 Spiritus
812 2421 910 2479 Dei,
933 2421 1010 2486 qui
1036 2422 1226 2487 Spiritus
1244 2425 1438 2483 Christi;

57 2506 98 2543 et
120 2496 260 2544 Patris
283 2505 347 2542 est
374 2495 490 2541 enim
522 2504 566 2539 et
595 2492 705 2540 Filii.
728 2492 745 2556 )
779 2514 801 2535 ε(
833 2493 879 2540 Si
912 2492 1010 2557 quis
1037 2494 1252 2558 Spiritum
1273 2496 1442 2547 Christi

59 2588 80 2612 »
102 2585 191 2615 non
206 2567 363 2625 habet,
386 2588 408 2609 »
431 2583 521 2614 non
536 2581 579 2611 se
600 2563 725 2611 fallat
750 2581 764 2614 z
785 2586 806 2608 «
821 2564 899 2612 hic
918 2582 1010 2614 non
1030 2575 1092 2613 est
1108 2569 1215 2628 ejus.
1240 2589 1264 2613 »

104 2656 117 2706 ξ
133 2658 227 2691 Rom.
241 2666 311 2698 vm,
324 2666 358 2699 9.
370 2670 418 2681 -
430 2652 447 2677 ²
469 2657 548 2688 Luc.
564 2663 610 2695 xx,
633 2653 691 2689 26,
760 2692 768 2699 u

1222 2716 1308 2775 '2¹2
