1866 3241
438 346 528 394 230
853 362 888 394 s.
931 362 1170 396 Aneusrmi
1205 365 1405 398 Emscom

433 426 552 474 venit
607 424 744 474 hostis
786 427 977 475 intrandi
1026 429 1305 477 occasionem.
1354 453 1375 473 «
1403 432 1642 480 Occasione
1683 428 1796 484 enim

435 519 456 540 ³>
474 508 650 562 accepta
671 508 898 562 peccatum
914 516 993 562 per
1008 498 1261 544 mandatum
1279 499 1445 556 fefellit,
1468 501 1627 565 inquit,
1647 521 1732 562 me,
1754 517 1795 552 et

433 589 455 610 »
473 586 552 632 per
576 567 702 614 eum1
729 568 903 615 occidit.
934 589 954 610 »
974 568 1093 625 Quid
1119 578 1182 614 est
1206 569 1324 631 quod
1350 570 1463 616 dixi?
1491 571 1631 617 Armis
1653 575 1737 620 tuis
1755 585 1795 621 te

432 708 597 754 centem
622 726 633 753 ι
661 729 681 749 α
699 710 850 771 Itaque
873 709 957 753 Lex
975 708 1150 771 quidem
1171 718 1334 765 sancta,
1348 719 1390 754 et
1405 710 1659 757 mandatum
1677 730 1796 760 sanc-

432 788 526 823 tum
554 789 596 824 et
613 782 778 838 justum
802 789 845 823 et
868 778 1049 825 bonum.
1072 800 1092 820 ›>
1115 779 1140 823 J
1145 796 1213 824 am
1239 778 1450 842 responde
1471 780 1794 843 reprehensori-

430 847 540 893 bus2
563 848 686 908 Legis
708 866 720 893 :
750 847 946 912 Apostoli
965 848 1216 893 auctoritate
1237 848 1448 911 responde
1467 866 1478 894 ε
1499 870 1520 891 «
1541 851 1795 899 Mandatum

431 938 452 958 »
471 929 686 974 sanctum,
708 917 772 963 lex
786 928 950 974 sancta,
968 917 1221 963 mandatum
1230 921 1396 977 justum
1409 928 1451 962 et
1467 917 1646 966 bonum.
1666 921 1794 976 Quod

432 1007 452 1027 »
470 1005 569 1047 ergo
585 988 750 1033 bonum
768 997 846 1043 est,
871 987 982 1033 mihi
997 987 1160 1033 factum
1179 998 1241 1033 est
1260 990 1401 1033 mors?
1425 987 1550 1033 Absit
1573 1006 1584 1033 z
1604 990 1675 1035 sed
1695 1008 1793 1053 pec-

431 1077 452 1098 »
471 1067 617 1102 catum
640 1067 689 1102 ut
706 1067 931 1120 appareat,
955 1074 1034 1121 per
1050 1057 1215 1103 bonum
1236 1057 1345 1102 mihi
1363 1068 1587 1120 operatum
1601 1070 1661 1104 est
1674 1077 1792 1106 mor-

431 1146 452 1167 »
472 1127 603 1174 tem3.
625 1148 645 1168 »
667 1127 812 1183 Quare
827 1126 932 1183 hoc,
952 1126 1034 1172 nisi
1050 1128 1150 1191 quia
1169 1127 1373 1172 mandato
1392 1138 1570 1191 accepto
1592 1129 1789 1188 timuisti,

430 1212 518 1241 non
543 1195 753 1242 dilexisti?
790 1195 991 1241 Timuisti
1026 1213 1202 1260 poenam
1221 1233 1231 1252 ,
1272 1213 1359 1241 non
1383 1196 1533 1241 amasti
1561 1198 1786 1256 justitiam.

430 1265 518 1321 Qui
534 1265 656 1310 timet
678 1281 858 1329 poenam
875 1302 886 1322 ‚
919 1276 1042 1329 optat
1070 1267 1104 1311 si
1127 1266 1219 1311 fieri
1238 1275 1379 1328 potest
1394 1302 1404 1318 ,
1430 1265 1570 1311 facere
1594 1268 1711 1330 quod
1726 1268 1793 1314 ‹li-
1834 1316 1836 1326 k

425 1335 544 1392 beat,
564 1345 606 1380 et
626 1351 713 1380 non
730 1334 892 1380 habere
916 1334 1034 1399 quod
1058 1336 1220 1381 timeat.
1251 1335 1465 1380 Prohibet
1485 1336 1601 1381 Deus
1623 1336 1793 1382 adulte-

424 1404 555 1461 rium,
576 1404 821 1468 concupisti
839 1422 1012 1450 uxorem
1029 1405 1228 1459 alienam,
1255 1421 1341 1449 non
1356 1404 1540 1461 accedis,
1568 1422 1655 1451 non
1668 1406 1789 1463 facis,

423 1473 590 1520 occasio
616 1474 717 1520 data
739 1485 817 1530 est,
842 1474 978 1520 habes
1005 1485 1188 1537 tempus,
1216 1484 1336 1537 patet
1361 1473 1482 1518 locus
1498 1510 1509 1530 ‚
1547 1474 1663 1520 deest
1685 1493 1792 1521 con-

422 1544 551 1600 scius,
568 1554 615 1589 tu
627 1554 771 1589 tamen
795 1561 882 1589 non
903 1543 1026 1598 facis,
1049 1543 1198 1588 unde?
1221 1542 1334 1597 Quia
1351 1543 1474 1588 times
1491 1559 1684 1606 poenam.
1709 1545 1798 1592 Sed·

424 1613 566 1660 nullus
598 1613 716 1660 sciet.
747 1612 972 1676 Numquid
1002 1629 1081 1657 nec
1119 1613 1265 1656 Deus?
1303 1612 1369 1656 Ita
1391 1610 1548 1675 plane,
1585 1614 1687 1677 quia
1712 1616 1792 1661 scit

423 1684 537 1729 Deus
553 1682 672 1746 quod
687 1682 879 1728 facturus
901 1699 960 1738 es,
977 1699 1065 1728 non
1080 1681 1185 1727 facis
1203 1699 1214 1726 :
1237 1681 1310 1726 sed
1329 1692 1370 1727 et
1392 1682 1536 1745 ipsum
1556 1684 1695 1729 Deum
1712 1685 1790 1730 mi-
1827 1722 1829 1746 Ξ

419 1764 595 1799 nantem
617 1753 781 1810 tremis,
807 1770 895 1798 non
916 1752 1244 1816 praecipientem
1273 1751 1429 1811 diligis.
1452 1752 1596 1809 Quare
1615 1771 1703 1799 non
1719 1753 1788 1800 fa-
1826 1750 1829 1773 ³

412 1824 504 1869 cis?
530 1823 645 1880 Quia
667 1823 701 1868 si
726 1822 891 1879 feceris,
914 1822 960 1867 in
984 1821 1224 1882 gehennam
1245 1821 1437 1867 mitteris.
1471 1822 1619 1882 Ignem
1646 1824 1781 1870 times.

415 1894 454 1939 O
481 1893 514 1939 si
537 1893 776 1939 castitatem
794 1909 973 1947 amares,
1000 1908 1089 1937 non
1109 1891 1286 1945 faceres,
1314 1892 1392 1936 etsi
1412 1893 1530 1937 omni
1548 1893 1677 1938 modo
1701 1893 1786 1938 im-

406 1964 584 2027 punitus
600 1980 687 2009 esse
707 1963 898 2008 deberes.
935 1961 980 2007 Si
1001 1961 1083 2007 tibi
1106 1964 1215 2006 Deus
1232 1961 1393 2006 diceret
1412 1978 1421 2005 :
1450 1962 1562 2007 Ecce
1581 1961 1667 2019 fac,
1697 1979 1791 2008 non‘

403 2045 444 2079 te
463 2034 710 2086 damnabo;
737 2032 784 2078 in
814 2032 1055 2092 gehennam
1082 2042 1120 2076 te
1143 2049 1231 2077 non
1254 2030 1472 2076 damnabo
1489 2068 1500 2088 ,
1529 2031 1602 2076 sed
1626 2031 1777 2078 faciem

399 2121 538 2149 meam
556 2103 637 2148 tibi
660 2102 841 2162 negabo.
883 2100 929 2147 Si
947 2111 1129 2165 propter
1158 2101 1275 2146 hanc
1300 2101 1681 2146 comminationem
1699 2120 1784 2148 non

392 2175 569 2230 faceres,
596 2190 738 2219 amore
766 2172 846 2218 Dei
864 2189 951 2217 non
976 2170 1152 2227 faceres,
1171 2170 1188 2199 3
1214 2171 1365 2216 timore
1389 2170 1561 2230 judicii.
1598 2171 1683 2217 Sed
1709 2171 1779 2218 fa-

391 2261 524 2300 ceres,
549 2242 659 2289 forte
675 2243 791 2288 enim
807 2242 867 2287 sic
883 2241 1042 2287 faceres
1063 2259 1074 2286 ε
1095 2258 1184 2286 non
1202 2240 1317 2285 enim
1337 2257 1482 2285 meum
1496 2250 1558 2285 est
1566 2240 1778 2300 judicare.

392 2314 579 2373 Adjuvat
604 2313 757 2373 gratia,
781 2329 881 2376 quae
903 2322 1074 2357 sanctos
1095 2310 1225 2366 facit,
1249 2310 1283 2355 si
1305 2310 1366 2355 sic
1390 2327 1477 2355 non
1508 2309 1614 2355 facis
1633 2347 1644 2367 ,
1673 2311 1775 2374 quia

386 2384 535 2428 horres
557 2382 970 2428 contaminationem
987 2379 1214 2435 adulterii,
1239 2379 1341 2443 quia
1359 2379 1502 2439 diligis
1527 2391 1778 2444 praecepto-
1814 2430 1816 2434 v

382 2470 498 2509 rem,
538 2462 586 2498 ut
607 2452 745 2512 exigas
773 2450 1104 2515 promissorem,
1140 2466 1226 2496 non
1257 2450 1360 2513 quia
1384 2449 1509 2495 times
1537 2449 1785 2496 damnato-⁵

378 2526 494 2567 rem:
519 2525 611 2581 jam
634 2521 783 2582 gratiae
800 2532 879 2577 est,
914 2521 1000 2566 hoc
1026 2520 1107 2566 tibi
1129 2519 1218 2566 noli
1240 2535 1471 2574 assumere,
1496 2518 1663 2564 viribus
1685 2519 1774 2566 tuis

373 2591 465 2637 noli·
485 2592 687 2638 tribuere.
725 2591 1014 2637 Delectatione
1038 2590 1143 2636 facis
1162 2627 1173 2646 ,
1203 2591 1340 2642 bene3
1370 2588 1553 2634 charita
1564 2598 1605 2634 te
1632 2588 1740 2635 facis
1760 2625 1789 2667 ,ἲ
1811 2632 1813 2652 ἰ

418 2678 429 2703 ⁸
453 2681 544 2710 Forte
563 2689 618 2722 per
635 2678 679 2710 id.
695 2694 742 2704 —-
757 2677 773 2701 ²
788 2678 986 2711 Mauiehaeis.
1009 2696 1050 2703 -
1065 2675 1079 2700 3
1095 2681 1191 2712 Rom.
1213 2687 1276 2715 vn,
1296 2688 1353 2720 η,
1378 2679 1431 2711 13.
1452 2694 1495 2702 —
1521 2672 1536 2699 ⁴
1561 2678 1656 2708 Forte
1669 2688 1747 2711 non.

1844 419 1850 550 1

1811 2510 1815 2559 Ι
