<?xml version="1.0" encoding="UTF-8"?>
<!DOCTYPE html PUBLIC "-//W3C//DTD XHTML 1.0 Transitional//EN"
    "http://www.w3.org/TR/xhtml1/DTD/xhtml1-transitional.dtd">
<html xmlns="http://www.w3.org/1999/xhtml" xml:lang="en" lang="en">
 <head>
  <title>
</title>
<meta http-equiv="Content-Type" content="text/html;charset=utf-8" />
  <meta name='ocr-system' content='tesseract 3.04.00' />
  <meta name='ocr-capabilities' content='ocr_page ocr_carea ocr_par ocr_line ocrx_word'/>
</head>
<body>
  <div class='ocr_page' id='page_1' title='image "./operaomniaaccura19auguuoft_0093.png"; bbox 0 0 1866 3241; ppageno 0'>
   <div class='ocr_carea' id='block_1_1' title="bbox 69 382 1438 516">
    <p class='ocr_par' dir='ltr' id='par_1_1' title="bbox 69 382 1438 516">
     <span class='ocr_line' id='line_1_1' title="bbox 220 382 1438 430; baseline 0.011 -14"><span class='ocrx_word' id='word_1_1' title='bbox 220 387 367 417; x_wconf 69' lang='lat' dir='ltr'>sunno</span> <span class='ocrx_word' id='word_1_2' title='bbox 403 386 544 427; x_wconf 80' lang='lat' dir='ltr'>cxxvi,</span> <span class='ocrx_word' id='word_1_3' title='bbox 583 386 640 417; x_wconf 84' lang='lat' dir='ltr'>DE</span> <span class='ocrx_word' id='word_1_4' title='bbox 675 388 833 419; x_wconf 71' lang='lat' dir='ltr'>vnaius</span> <span class='ocrx_word' id='word_1_5' title='bbox 869 388 1031 421; x_wconf 77' lang='lat' dir='ltr'>EVANG.</span> <span class='ocrx_word' id='word_1_6' title='bbox 1076 391 1205 424; x_wconf 84' lang='lat' dir='ltr'><strong>JOAN.</strong></span> <span class='ocrx_word' id='word_1_7' title='bbox 1247 398 1287 427; x_wconf 91' lang='lat' dir='ltr'>v.</span> <span class='ocrx_word' id='word_1_8' title='bbox 1378 382 1438 430; x_wconf 86' lang='lat'>83</span> 
     </span>
     <span class='ocr_line' id='line_1_2' title="bbox 69 449 1438 516; baseline 0.012 -22"><span class='ocrx_word' id='word_1_9' title='bbox 69 449 240 495; x_wconf 85' lang='lat' dir='ltr'><strong>attende</strong></span> <span class='ocrx_word' id='word_1_10' title='bbox 270 467 371 496; x_wconf 86' lang='lat' dir='ltr'>cum</span> <span class='ocrx_word' id='word_1_11' title='bbox 395 450 508 496; x_wconf 88' lang='lat' dir='ltr'>facio</span> <span class='ocrx_word' id='word_1_12' title='bbox 523 489 533 508; x_wconf 79' lang='lat'>,</span> <span class='ocrx_word' id='word_1_13' title='bbox 561 462 609 497; x_wconf 85' lang='lat' dir='ltr'>ut</span> <span class='ocrx_word' id='word_1_14' title='bbox 635 453 771 516; x_wconf 87' lang='lat' dir='ltr'>possis</span> <span class='ocrx_word' id='word_1_15' title='bbox 795 464 837 498; x_wconf 90' lang='lat' dir='ltr'>et</span> <span class='ocrx_word' id='word_1_16' title='bbox 856 464 904 499; x_wconf 87' lang='lat' dir='ltr'>tu</span> <span class='ocrx_word' id='word_1_17' title='bbox 925 454 1105 502; x_wconf 89' lang='lat' dir='ltr'>alterum</span> <span class='ocrx_word' id='word_1_18' title='bbox 1132 457 1284 507; x_wconf 82' lang='lat' dir='ltr'>facere.</span> <span class='ocrx_word' id='word_1_19' title='bbox 1312 484 1331 503; x_wconf 84' lang='lat'>«</span> <span class='ocrx_word' id='word_1_20' title='bbox 1353 465 1438 509; x_wconf 84' lang='lat' dir='ltr'>Fa-</span> 
     </span>
    </p>
   </div>
   <div class='ocr_carea' id='block_1_2' title="bbox 0 521 1444 590">
    <p class='ocr_par' dir='ltr' id='par_1_2' title="bbox 0 521 1444 590">
     <span class='ocr_line' id='line_1_3' title="bbox 0 521 1444 590; baseline 0.01 -26"><span class='ocrx_word' id='word_1_21' title='bbox 0 560 1 568; x_wconf 71' lang='grc'>,</span> <span class='ocrx_word' id='word_1_22' title='bbox 69 542 90 563; x_wconf 88' lang='grc'>»</span> <span class='ocrx_word' id='word_1_23' title='bbox 115 521 302 578; x_wconf 72' lang='lat' dir='ltr'>ciamus,</span> <span class='ocrx_word' id='word_1_24' title='bbox 332 543 352 563; x_wconf 86' lang='lat'>»</span> <span class='ocrx_word' id='word_1_25' title='bbox 375 522 540 585; x_wconf 82' lang='lat' dir='ltr'>inquit3</span> <span class='ocrx_word' id='word_1_26' title='bbox 577 522 869 586; x_wconf 72' lang='lat' dir='ltr'>pluralitatem</span> <span class='ocrx_word' id='word_1_27' title='bbox 895 525 1024 571; x_wconf 90' lang='lat' dir='ltr'>audio</span> <span class='ocrx_word' id='word_1_28' title='bbox 1045 544 1055 571; x_wconf 76' lang='grc' dir='ltr'>ε</span> <span class='ocrx_word' id='word_1_29' title='bbox 1085 548 1105 569; x_wconf 90' lang='lat'>«</span> <span class='ocrx_word' id='word_1_30' title='bbox 1126 527 1194 574; x_wconf 91' lang='lat' dir='ltr'>Ad</span> <span class='ocrx_word' id='word_1_31' title='bbox 1212 528 1444 590; x_wconf 75' lang='lat' dir='ltr'>imaginem</span> 
     </span>
    </p>
   </div>
   <div class='ocr_carea' id='block_1_3' title="bbox 59 592 1446 1925">
    <p class='ocr_par' dir='ltr' id='par_1_3' title="bbox 65 592 1446 920">
     <span class='ocr_line' id='line_1_4' title="bbox 67 592 1444 660; baseline 0.01 -27"><span class='ocrx_word' id='word_1_32' title='bbox 67 612 89 634; x_wconf 86' lang='lat'>»</span> <span class='ocrx_word' id='word_1_33' title='bbox 114 601 335 646; x_wconf 88' lang='lat' dir='ltr'>nostram;</span> <span class='ocrx_word' id='word_1_34' title='bbox 375 614 396 634; x_wconf 86' lang='lat'>›&gt;</span> <span class='ocrx_word' id='word_1_35' title='bbox 416 592 518 638; x_wconf 88' lang='lat' dir='ltr'>item</span> <span class='ocrx_word' id='word_1_36' title='bbox 548 592 841 657; x_wconf 80' lang='lat' dir='ltr'>pluralitatem</span> <span class='ocrx_word' id='word_1_37' title='bbox 863 594 1006 642; x_wconf 80' lang='lat' dir='ltr'>audio.</span> <span class='ocrx_word' id='word_1_38' title='bbox 1033 595 1121 642; x_wconf 90' lang='lat' dir='ltr'>Ubi</span> <span class='ocrx_word' id='word_1_39' title='bbox 1141 614 1240 658; x_wconf 84' lang='lat' dir='ltr'>ergo</span> <span class='ocrx_word' id='word_1_40' title='bbox 1258 599 1444 660; x_wconf 84' lang='lat' dir='ltr'>singula—</span> 
     </span>
     <span class='ocr_line' id='line_1_5' title="bbox 65 662 1445 742; baseline 0.007 -35"><span class='ocrx_word' id='word_1_41' title='bbox 65 663 168 709; x_wconf 84' lang='lat' dir='ltr'>ritas</span> <span class='ocrx_word' id='word_1_42' title='bbox 198 662 475 709; x_wconf 70' lang='lat' dir='ltr'>Divinitatis‘?</span> <span class='ocrx_word' id='word_1_43' title='bbox 505 665 617 723; x_wconf 84' lang='lat' dir='ltr'><strong>Lege</strong></span> <span class='ocrx_word' id='word_1_44' title='bbox 637 664 857 742; x_wconf 87' lang='lat' dir='ltr'>sequentia</span> <span class='ocrx_word' id='word_1_45' title='bbox 881 682 891 709; x_wconf 90' lang='lat'>:</span> <span class='ocrx_word' id='word_1_46' title='bbox 917 686 937 706; x_wconf 76' lang='lat' dir='ltr'>c&lt;</span> <span class='ocrx_word' id='word_1_47' title='bbox 957 666 1014 710; x_wconf 90' lang='lat' dir='ltr'>Et</span> <span class='ocrx_word' id='word_1_48' title='bbox 1041 665 1146 711; x_wconf 89' lang='lat' dir='ltr'>fecit</span> <span class='ocrx_word' id='word_1_49' title='bbox 1168 666 1285 714; x_wconf 88' lang='lat' dir='ltr'>Deus</span> <span class='ocrx_word' id='word_1_50' title='bbox 1302 669 1445 716; x_wconf 86' lang='lat' dir='ltr'>homi-</span> 
     </span>
     <span class='ocr_line' id='line_1_6' title="bbox 65 732 1444 786; baseline 0.007 -10"><span class='ocrx_word' id='word_1_51' title='bbox 65 755 87 776; x_wconf 83' lang='lat'>»</span> <span class='ocrx_word' id='word_1_52' title='bbox 109 732 249 780; x_wconf 72' lang='lat' dir='ltr'>nem1.</span> <span class='ocrx_word' id='word_1_53' title='bbox 276 755 297 775; x_wconf 85' lang='lat'>»</span> <span class='ocrx_word' id='word_1_54' title='bbox 316 734 523 779; x_wconf 85' lang='lat' dir='ltr'>Dicitur:</span> <span class='ocrx_word' id='word_1_55' title='bbox 549 755 570 776; x_wconf 75' lang='lat' dir='ltr'>c&lt;</span> <span class='ocrx_word' id='word_1_56' title='bbox 592 735 823 780; x_wconf 87' lang='lat' dir='ltr'>Faciamus</span> <span class='ocrx_word' id='word_1_57' title='bbox 842 735 1098 781; x_wconf 90' lang='lat' dir='ltr'>hominem:</span> <span class='ocrx_word' id='word_1_58' title='bbox 1126 758 1146 778; x_wconf 85' lang='lat'>»</span> <span class='ocrx_word' id='word_1_59' title='bbox 1169 748 1212 783; x_wconf 91' lang='lat' dir='ltr'>et</span> <span class='ocrx_word' id='word_1_60' title='bbox 1233 756 1321 784; x_wconf 90' lang='lat' dir='ltr'>non</span> <span class='ocrx_word' id='word_1_61' title='bbox 1338 739 1444 786; x_wconf 85' lang='lat' dir='ltr'>dici-</span> 
     </span>
     <span class='ocr_line' id='line_1_7' title="bbox 67 804 1446 873; baseline 0.004 -24"><span class='ocrx_word' id='word_1_62' title='bbox 67 814 164 850; x_wconf 86' lang='lat' dir='ltr'>tur:</span> <span class='ocrx_word' id='word_1_63' title='bbox 188 805 397 850; x_wconf 91' lang='lat' dir='ltr'>Fecerunt</span> <span class='ocrx_word' id='word_1_64' title='bbox 414 805 474 850; x_wconf 89' lang='lat' dir='ltr'>dii</span> <span class='ocrx_word' id='word_1_65' title='bbox 494 804 731 851; x_wconf 90' lang='lat' dir='ltr'>hominem.</span> <span class='ocrx_word' id='word_1_66' title='bbox 751 804 1014 865; x_wconf 84' lang='lat' dir='ltr'>Intelligitur</span> <span class='ocrx_word' id='word_1_67' title='bbox 1031 806 1173 852; x_wconf 88' lang='lat' dir='ltr'>unitas</span> <span class='ocrx_word' id='word_1_68' title='bbox 1188 807 1234 853; x_wconf 91' lang='lat' dir='ltr'>in</span> <span class='ocrx_word' id='word_1_69' title='bbox 1251 825 1300 854; x_wconf 92' lang='lat' dir='ltr'>eo</span> <span class='ocrx_word' id='word_1_70' title='bbox 1326 810 1446 873; x_wconf 91' lang='lat' dir='ltr'>quod</span> 
     </span>
     <span class='ocr_line' id='line_1_8' title="bbox 65 872 966 921; baseline -0.002 -3"><span class='ocrx_word' id='word_1_71' title='bbox 65 872 234 919; x_wconf 91' lang='lat' dir='ltr'>dictum</span> <span class='ocrx_word' id='word_1_72' title='bbox 251 884 344 919; x_wconf 88' lang='lat' dir='ltr'>est:</span> <span class='ocrx_word' id='word_1_73' title='bbox 373 895 392 914; x_wconf 91' lang='lat'>«</span> <span class='ocrx_word' id='word_1_74' title='bbox 416 874 534 919; x_wconf 83' lang='lat' dir='ltr'>Fecit</span> <span class='ocrx_word' id='word_1_75' title='bbox 548 874 664 919; x_wconf 91' lang='lat' dir='ltr'>Deus</span> <span class='ocrx_word' id='word_1_76' title='bbox 683 874 920 921; x_wconf 88' lang='lat' dir='ltr'>hominem.</span> <span class='ocrx_word' id='word_1_77' title='bbox 946 896 966 917; x_wconf 81' lang='lat'>›&gt;</span> 
     </span>
    </p>

    <p class='ocr_par' dir='ltr' id='par_1_4' title="bbox 59 943 1445 1925">
     <span class='ocr_line' id='line_1_9' title="bbox 129 943 1440 1008; baseline 0.005 -20"><span class='ocrx_word' id='word_1_78' title='bbox 129 944 235 990; x_wconf 84' lang='lat' dir='ltr'><strong>XII.</strong></span> <span class='ocrx_word' id='word_1_79' title='bbox 278 943 365 989; x_wconf 85' lang='lat' dir='ltr'>Ubi</span> <span class='ocrx_word' id='word_1_80' title='bbox 386 955 449 989; x_wconf 86' lang='lat' dir='ltr'>est</span> <span class='ocrx_word' id='word_1_81' title='bbox 472 961 571 1004; x_wconf 83' lang='lat' dir='ltr'>ergo</span> <span class='ocrx_word' id='word_1_82' title='bbox 586 945 769 990; x_wconf 89' lang='lat' dir='ltr'>intentio</span> <span class='ocrx_word' id='word_1_83' title='bbox 792 944 865 990; x_wconf 85' lang='lat' dir='ltr'>illa</span> <span class='ocrx_word' id='word_1_84' title='bbox 881 945 1094 991; x_wconf 67' lang='lat' dir='ltr'>carnalis?</span> <span class='ocrx_word' id='word_1_85' title='bbox 1116 946 1440 1008; x_wconf 75' lang='lat' dir='ltr'>confundatur,</span> 
     </span>
     <span class='ocr_line' id='line_1_10' title="bbox 65 1013 1434 1092; baseline 0.004 -32"><span class='ocrx_word' id='word_1_86' title='bbox 65 1013 377 1092; x_wconf 69' lang='lat' dir='ltr'>abscondatur,</span> <span class='ocrx_word' id='word_1_87' title='bbox 416 1016 657 1079; x_wconf 85' lang='lat' dir='ltr'>perimatur</span> <span class='ocrx_word' id='word_1_88' title='bbox 677 1034 687 1060; x_wconf 76' lang='grc' dir='ltr'>ε</span> <span class='ocrx_word' id='word_1_89' title='bbox 712 1016 918 1079; x_wconf 88' lang='lat' dir='ltr'>loquatur</span> <span class='ocrx_word' id='word_1_90' title='bbox 950 1016 1074 1061; x_wconf 88' lang='lat' dir='ltr'>nobis</span> <span class='ocrx_word' id='word_1_91' title='bbox 1113 1016 1307 1063; x_wconf 86' lang='lat' dir='ltr'>Verbum</span> <span class='ocrx_word' id='word_1_92' title='bbox 1341 1020 1434 1067; x_wconf 92' lang='lat' dir='ltr'>Dei.</span> 
     </span>
     <span class='ocr_line' id='line_1_11' title="bbox 63 1084 1444 1165; baseline 0.005 -36"><span class='ocrx_word' id='word_1_93' title='bbox 63 1084 103 1129; x_wconf 88' lang='lat' dir='ltr'>J</span> <span class='ocrx_word' id='word_1_94' title='bbox 94 1102 164 1130; x_wconf 79' lang='lat' dir='ltr'>am</span> <span class='ocrx_word' id='word_1_95' title='bbox 183 1085 269 1149; x_wconf 86' lang='lat' dir='ltr'>pii,</span> <span class='ocrx_word' id='word_1_96' title='bbox 286 1089 377 1145; x_wconf 85' lang='lat' dir='ltr'>jam</span> <span class='ocrx_word' id='word_1_97' title='bbox 396 1086 616 1131; x_wconf 89' lang='lat' dir='ltr'>credentes</span> <span class='ocrx_word' id='word_1_98' title='bbox 629 1123 640 1143; x_wconf 79' lang='grc'>,</span> <span class='ocrx_word' id='word_1_99' title='bbox 651 1090 744 1145; x_wconf 80' lang='lat' dir='ltr'>jam</span> <span class='ocrx_word' id='word_1_100' title='bbox 763 1086 925 1131; x_wconf 84' lang='lat' dir='ltr'>imbuti</span> <span class='ocrx_word' id='word_1_101' title='bbox 939 1086 1025 1132; x_wconf 91' lang='lat' dir='ltr'>fide</span> <span class='ocrx_word' id='word_1_102' title='bbox 1041 1097 1083 1132; x_wconf 89' lang='lat' dir='ltr'>et</span> <span class='ocrx_word' id='word_1_103' title='bbox 1098 1105 1293 1165; x_wconf 79' lang='lat' dir='ltr'>compa]</span> <span class='ocrx_word' id='word_1_104' title='bbox 1281 1100 1351 1135; x_wconf 88' lang='lat' dir='ltr'>ato</span> <span class='ocrx_word' id='word_1_105' title='bbox 1368 1091 1444 1136; x_wconf 87' lang='lat' dir='ltr'>ali-</span> 
     </span>
     <span class='ocr_line' id='line_1_12' title="bbox 63 1155 1445 1221; baseline 0.005 -22"><span class='ocrx_word' id='word_1_106' title='bbox 63 1170 151 1217; x_wconf 92' lang='lat' dir='ltr'>quo</span> <span class='ocrx_word' id='word_1_107' title='bbox 174 1155 327 1200; x_wconf 83' lang='lat' dir='ltr'>merito</span> <span class='ocrx_word' id='word_1_108' title='bbox 343 1155 662 1216; x_wconf 61' lang='lat' dir='ltr'>intelligentiae</span> <span class='ocrx_word' id='word_1_109' title='bbox 685 1166 988 1201; x_wconf 83' lang='lat' dir='ltr'>convertamus</span> <span class='ocrx_word' id='word_1_110' title='bbox 1008 1174 1086 1202; x_wconf 89' lang='lat' dir='ltr'>nos</span> <span class='ocrx_word' id='word_1_111' title='bbox 1106 1157 1191 1203; x_wconf 85' lang='lat' dir='ltr'>ad</span> <span class='ocrx_word' id='word_1_112' title='bbox 1180 1175 1326 1221; x_wconf 88' lang='lat' dir='ltr'>ipsum</span> <span class='ocrx_word' id='word_1_113' title='bbox 1342 1159 1445 1206; x_wconf 85' lang='lat' dir='ltr'>Vei-</span> 
     </span>
     <span class='ocr_line' id='line_1_13' title="bbox 61 1191 1440 1286; baseline 0.004 -17"><span class='ocrx_word' id='word_1_114' title='bbox 61 1223 195 1281; x_wconf 87' lang='lat' dir='ltr'>bum,</span> <span class='ocrx_word' id='word_1_115' title='bbox 223 1224 278 1270; x_wconf 90' lang='lat' dir='ltr'>ad</span> <span class='ocrx_word' id='word_1_116' title='bbox 312 1191 708 1282; x_wconf 53' lang='lat' dir='ltr'>fonten1⁶luminis‚</span> <span class='ocrx_word' id='word_1_117' title='bbox 739 1235 782 1270; x_wconf 92' lang='lat' dir='ltr'>et</span> <span class='ocrx_word' id='word_1_118' title='bbox 807 1225 1004 1271; x_wconf 88' lang='lat' dir='ltr'>dicamus</span> <span class='ocrx_word' id='word_1_119' title='bbox 1032 1225 1199 1272; x_wconf 90' lang='lat' dir='ltr'>simul:</span> <span class='ocrx_word' id='word_1_120' title='bbox 1229 1228 1440 1286; x_wconf 81' lang='lat' dir='ltr'>Domine,</span> 
     </span>
     <span class='ocr_line' id='line_1_14' title="bbox 63 1294 1445 1363; baseline 0.004 -23"><span class='ocrx_word' id='word_1_121' title='bbox 63 1294 214 1340; x_wconf 87' lang='lat' dir='ltr'>eadem</span> <span class='ocrx_word' id='word_1_122' title='bbox 229 1295 333 1341; x_wconf 85' lang='lat' dir='ltr'>fecit</span> <span class='ocrx_word' id='word_1_123' title='bbox 354 1296 483 1342; x_wconf 88' lang='lat' dir='ltr'>Pater</span> <span class='ocrx_word' id='word_1_124' title='bbox 500 1313 600 1360; x_wconf 78' lang='lat' dir='ltr'>quae</span> <span class='ocrx_word' id='word_1_125' title='bbox 619 1306 692 1349; x_wconf 87' lang='lat' dir='ltr'>tu;</span> <span class='ocrx_word' id='word_1_126' title='bbox 719 1296 822 1359; x_wconf 86' lang='lat' dir='ltr'>quia</span> <span class='ocrx_word' id='word_1_127' title='bbox 847 1296 1067 1360; x_wconf 90' lang='lat' dir='ltr'>quidquid</span> <span class='ocrx_word' id='word_1_128' title='bbox 1078 1297 1184 1342; x_wconf 86' lang='lat' dir='ltr'>facit</span> <span class='ocrx_word' id='word_1_129' title='bbox 1205 1301 1333 1343; x_wconf 85' lang='lat' dir='ltr'>Pater</span> <span class='ocrx_word' id='word_1_130' title='bbox 1338 1317 1445 1363; x_wconf 74' lang='lat' dir='ltr'>,per</span> 
     </span>
     <span class='ocr_line' id='line_1_15' title="bbox 62 1365 1445 1431; baseline 0.004 -21"><span class='ocrx_word' id='word_1_131' title='bbox 62 1375 104 1410; x_wconf 91' lang='lat' dir='ltr'>te</span> <span class='ocrx_word' id='word_1_132' title='bbox 126 1365 244 1413; x_wconf 89' lang='lat' dir='ltr'>facit.</span> <span class='ocrx_word' id='word_1_133' title='bbox 279 1368 341 1411; x_wconf 92' lang='lat' dir='ltr'>Te</span> <span class='ocrx_word' id='word_1_134' title='bbox 365 1366 563 1414; x_wconf 85' lang='lat' dir='ltr'>Verbum</span> <span class='ocrx_word' id='word_1_135' title='bbox 586 1365 832 1412; x_wconf 86' lang='lat' dir='ltr'>audivimus</span> <span class='ocrx_word' id='word_1_136' title='bbox 855 1366 901 1411; x_wconf 89' lang='lat' dir='ltr'>in</span> <span class='ocrx_word' id='word_1_137' title='bbox 931 1367 1153 1431; x_wconf 87' lang='lat' dir='ltr'>principio</span> <span class='ocrx_word' id='word_1_138' title='bbox 1178 1386 1189 1413; x_wconf 72' lang='grc' dir='ltr'>ε</span> <span class='ocrx_word' id='word_1_139' title='bbox 1213 1385 1302 1414; x_wconf 90' lang='lat' dir='ltr'>non</span> <span class='ocrx_word' id='word_1_140' title='bbox 1326 1369 1445 1416; x_wconf 88' lang='lat' dir='ltr'>vidi-</span> 
     </span>
     <span class='ocr_line' id='line_1_16' title="bbox 61 1437 1445 1503; baseline 0.003 -22"><span class='ocrx_word' id='word_1_141' title='bbox 61 1452 156 1481; x_wconf 91' lang='lat' dir='ltr'>mus</span> <span class='ocrx_word' id='word_1_142' title='bbox 171 1474 182 1493; x_wconf 82' lang='grc'>,</span> <span class='ocrx_word' id='word_1_143' title='bbox 217 1437 292 1482; x_wconf 93' lang='lat' dir='ltr'>sed</span> <span class='ocrx_word' id='word_1_144' title='bbox 325 1437 555 1483; x_wconf 82' lang='lat' dir='ltr'>credimus.</span> <span class='ocrx_word' id='word_1_145' title='bbox 593 1437 664 1482; x_wconf 91' lang='lat' dir='ltr'>Ibi</span> <span class='ocrx_word' id='word_1_146' title='bbox 697 1447 1011 1499; x_wconf 87' lang='lat' dir='ltr'>consequenter</span> <span class='ocrx_word' id='word_1_147' title='bbox 1038 1437 1306 1495; x_wconf 83' lang='lat' dir='ltr'>audivimus,</span> <span class='ocrx_word' id='word_1_148' title='bbox 1342 1439 1445 1503; x_wconf 86' lang='lat' dir='ltr'>quia</span> 
     </span>
     <span class='ocr_line' id='line_1_17' title="bbox 61 1506 1443 1573; baseline 0.002 -21"><span class='ocrx_word' id='word_1_149' title='bbox 61 1507 204 1552; x_wconf 84' lang='lat' dir='ltr'>omnia</span> <span class='ocrx_word' id='word_1_150' title='bbox 219 1525 298 1571; x_wconf 88' lang='lat' dir='ltr'>per</span> <span class='ocrx_word' id='word_1_151' title='bbox 311 1519 351 1552; x_wconf 91' lang='lat' dir='ltr'>te</span> <span class='ocrx_word' id='word_1_152' title='bbox 370 1507 484 1552; x_wconf 86' lang='lat' dir='ltr'>facta</span> <span class='ocrx_word' id='word_1_153' title='bbox 501 1507 642 1552; x_wconf 83' lang='lat' dir='ltr'>sunt2.</span> <span class='ocrx_word' id='word_1_154' title='bbox 667 1506 829 1552; x_wconf 87' lang='lat' dir='ltr'>Omnia</span> <span class='ocrx_word' id='word_1_155' title='bbox 843 1522 943 1566; x_wconf 86' lang='lat' dir='ltr'>ergo</span> <span class='ocrx_word' id='word_1_156' title='bbox 958 1522 1057 1570; x_wconf 82' lang='lat' dir='ltr'>quae</span> <span class='ocrx_word' id='word_1_157' title='bbox 1072 1506 1178 1553; x_wconf 85' lang='lat' dir='ltr'>facit</span> <span class='ocrx_word' id='word_1_158' title='bbox 1201 1508 1347 1566; x_wconf 79' lang='lat' dir='ltr'>Pater,</span> <span class='ocrx_word' id='word_1_159' title='bbox 1364 1527 1443 1573; x_wconf 86' lang='lat' dir='ltr'>per</span> 
     </span>
     <span class='ocr_line' id='line_1_18' title="bbox 60 1575 1442 1641; baseline 0.003 -20"><span class='ocrx_word' id='word_1_160' title='bbox 60 1587 101 1622; x_wconf 85' lang='lat' dir='ltr'>te</span> <span class='ocrx_word' id='word_1_161' title='bbox 121 1577 240 1623; x_wconf 87' lang='lat' dir='ltr'>facit.</span> <span class='ocrx_word' id='word_1_162' title='bbox 269 1577 432 1622; x_wconf 90' lang='lat' dir='ltr'>Eadem</span> <span class='ocrx_word' id='word_1_163' title='bbox 452 1594 552 1637; x_wconf 87' lang='lat' dir='ltr'>ergo</span> <span class='ocrx_word' id='word_1_164' title='bbox 577 1576 683 1622; x_wconf 87' lang='lat' dir='ltr'>facis</span> <span class='ocrx_word' id='word_1_165' title='bbox 704 1593 805 1640; x_wconf 83' lang='lat' dir='ltr'>quae</span> <span class='ocrx_word' id='word_1_166' title='bbox 828 1575 971 1623; x_wconf 85' lang='lat' dir='ltr'>Pater.</span> <span class='ocrx_word' id='word_1_167' title='bbox 993 1576 1114 1634; x_wconf 90' lang='lat' dir='ltr'>Quid</span> <span class='ocrx_word' id='word_1_168' title='bbox 1129 1587 1192 1623; x_wconf 89' lang='lat' dir='ltr'>est</span> <span class='ocrx_word' id='word_1_169' title='bbox 1211 1595 1345 1641; x_wconf 89' lang='lat' dir='ltr'>quare</span> <span class='ocrx_word' id='word_1_170' title='bbox 1369 1579 1442 1625; x_wconf 91' lang='lat' dir='ltr'>di-</span> 
     </span>
     <span class='ocr_line' id='line_1_19' title="bbox 60 1645 1441 1712; baseline 0 -20"><span class='ocrx_word' id='word_1_171' title='bbox 60 1662 154 1692; x_wconf 89' lang='lat' dir='ltr'>cere</span> <span class='ocrx_word' id='word_1_172' title='bbox 175 1646 350 1693; x_wconf 85' lang='lat' dir='ltr'>voluisti</span> <span class='ocrx_word' id='word_1_173' title='bbox 369 1665 380 1692; x_wconf 87' lang='lat'><strong>:</strong></span> <span class='ocrx_word' id='word_1_174' title='bbox 399 1667 421 1688; x_wconf 68' lang='grc' dir='ltr'><strong>α</strong></span> <span class='ocrx_word' id='word_1_175' title='bbox 438 1648 537 1692; x_wconf 65' lang='lat' dir='ltr'>lN&#39;on</span> <span class='ocrx_word' id='word_1_176' title='bbox 556 1656 700 1710; x_wconf 89' lang='lat' dir='ltr'>potest</span> <span class='ocrx_word' id='word_1_177' title='bbox 719 1645 852 1692; x_wconf 91' lang='lat' dir='ltr'>Filius</span> <span class='ocrx_word' id='word_1_178' title='bbox 873 1663 897 1691; x_wconf 89' lang='lat' dir='ltr'>a</span> <span class='ocrx_word' id='word_1_179' title='bbox 916 1663 959 1691; x_wconf 90' lang='lat' dir='ltr'>se</span> <span class='ocrx_word' id='word_1_180' title='bbox 976 1645 1116 1692; x_wconf 87' lang='lat' dir='ltr'>facere</span> <span class='ocrx_word' id='word_1_181' title='bbox 1132 1648 1402 1712; x_wconf 71' lang='lat' dir='ltr'>quidquam?</span> <span class='ocrx_word' id='word_1_182' title='bbox 1419 1671 1441 1692; x_wconf 87' lang='grc'>»</span> 
     </span>
     <span class='ocr_line' id='line_1_20' title="bbox 60 1715 1441 1781; baseline 0.001 -17"><span class='ocrx_word' id='word_1_183' title='bbox 60 1717 196 1764; x_wconf 85' lang='lat' dir='ltr'>Video</span> <span class='ocrx_word' id='word_1_184' title='bbox 224 1717 339 1764; x_wconf 89' lang='lat' dir='ltr'>enim</span> <span class='ocrx_word' id='word_1_185' title='bbox 359 1716 655 1781; x_wconf 83' lang='lat' dir='ltr'>aequalitatem</span> <span class='ocrx_word' id='word_1_186' title='bbox 675 1715 914 1780; x_wconf 88' lang='lat' dir='ltr'>quamdam</span> <span class='ocrx_word' id='word_1_187' title='bbox 931 1716 1017 1762; x_wconf 86' lang='lat' dir='ltr'>tibi</span> <span class='ocrx_word' id='word_1_188' title='bbox 1040 1733 1143 1763; x_wconf 90' lang='lat' dir='ltr'>cum</span> <span class='ocrx_word' id='word_1_189' title='bbox 1159 1718 1311 1777; x_wconf 81' lang='lat' dir='ltr'>Patre,</span> <span class='ocrx_word' id='word_1_190' title='bbox 1329 1720 1376 1766; x_wconf 91' lang='lat' dir='ltr'>in</span> <span class='ocrx_word' id='word_1_191' title='bbox 1391 1737 1441 1766; x_wconf 93' lang='lat' dir='ltr'>eo</span> 
     </span>
     <span class='ocr_line' id='line_1_21' title="bbox 59 1786 1440 1851; baseline 0.002 -17"><span class='ocrx_word' id='word_1_192' title='bbox 59 1787 178 1851; x_wconf 90' lang='lat' dir='ltr'>quod</span> <span class='ocrx_word' id='word_1_193' title='bbox 191 1788 320 1834; x_wconf 91' lang='lat' dir='ltr'>audio</span> <span class='ocrx_word' id='word_1_194' title='bbox 343 1806 354 1833; x_wconf 94' lang='lat'><strong>:</strong></span> <span class='ocrx_word' id='word_1_195' title='bbox 378 1808 398 1829; x_wconf 88' lang='lat'>«</span> <span class='ocrx_word' id='word_1_196' title='bbox 417 1788 720 1850; x_wconf 84' lang='lat' dir='ltr'>Quaecumque</span> <span class='ocrx_word' id='word_1_197' title='bbox 734 1787 864 1832; x_wconf 87' lang='lat' dir='ltr'>Pater</span> <span class='ocrx_word' id='word_1_198' title='bbox 878 1786 1008 1844; x_wconf 80' lang='lat' dir='ltr'>facit,</span> <span class='ocrx_word' id='word_1_199' title='bbox 1027 1787 1127 1833; x_wconf 80' lang='lat' dir='ltr'>haec</span> <span class='ocrx_word' id='word_1_200' title='bbox 1138 1788 1289 1835; x_wconf 86' lang='lat' dir='ltr'>eadem</span> <span class='ocrx_word' id='word_1_201' title='bbox 1307 1790 1440 1837; x_wconf 88' lang='lat' dir='ltr'>Filius</span> 
     </span>
     <span class='ocr_line' id='line_1_22' title="bbox 59 1856 1435 1925; baseline 0.002 -21"><span class='ocrx_word' id='word_1_202' title='bbox 59 1878 80 1898; x_wconf 86' lang='lat'>»</span> <span class='ocrx_word' id='word_1_203' title='bbox 102 1856 207 1904; x_wconf 88' lang='lat' dir='ltr'>facit</span> <span class='ocrx_word' id='word_1_204' title='bbox 227 1876 238 1903; x_wconf 73' lang='grc' dir='ltr'>ε</span> <span class='ocrx_word' id='word_1_205' title='bbox 259 1880 281 1901; x_wconf 84' lang='grc'>»</span> <span class='ocrx_word' id='word_1_206' title='bbox 301 1873 485 1919; x_wconf 83' lang='lat' dir='ltr'>agnosco</span> <span class='ocrx_word' id='word_1_207' title='bbox 512 1856 829 1921; x_wconf 78' lang='lat' dir='ltr'>aequalitatem,</span> <span class='ocrx_word' id='word_1_208' title='bbox 857 1856 935 1903; x_wconf 90' lang='lat' dir='ltr'>hic</span> <span class='ocrx_word' id='word_1_209' title='bbox 958 1856 1174 1917; x_wconf 80' lang='lat' dir='ltr'>intelligo,</span> <span class='ocrx_word' id='word_1_210' title='bbox 1209 1858 1285 1905; x_wconf 89' lang='lat' dir='ltr'>hic</span> <span class='ocrx_word' id='word_1_211' title='bbox 1307 1862 1435 1925; x_wconf 90' lang='lat' dir='ltr'>capio</span> 
     </span>
    </p>
   </div>
   <div class='ocr_carea' id='block_1_4' title="bbox 15 1927 1431 1991">
    <p class='ocr_par' dir='ltr' id='par_1_5' title="bbox 15 1927 1431 1991">
     <span class='ocr_line' id='line_1_23' title="bbox 15 1927 1431 1991; baseline 0.003 -18"><span class='ocrx_word' id='word_1_212' title='bbox 15 1969 19 1974; x_wconf 74' lang='grc'>,</span> <span class='ocrx_word' id='word_1_213' title='bbox 58 1937 108 1973; x_wconf 90' lang='lat' dir='ltr'>ut</span> <span class='ocrx_word' id='word_1_214' title='bbox 132 1944 310 1991; x_wconf 88' lang='lat' dir='ltr'>possum</span> <span class='ocrx_word' id='word_1_215' title='bbox 333 1944 344 1972; x_wconf 90' lang='lat'>:</span> <span class='ocrx_word' id='word_1_216' title='bbox 373 1949 393 1969; x_wconf 87' lang='lat'>«</span> <span class='ocrx_word' id='word_1_217' title='bbox 415 1928 509 1987; x_wconf 84' lang='lat' dir='ltr'>Ego</span> <span class='ocrx_word' id='word_1_218' title='bbox 541 1937 583 1972; x_wconf 90' lang='lat' dir='ltr'>et</span> <span class='ocrx_word' id='word_1_219' title='bbox 606 1927 739 1972; x_wconf 90' lang='lat' dir='ltr'>Pater</span> <span class='ocrx_word' id='word_1_220' title='bbox 769 1943 908 1972; x_wconf 90' lang='lat' dir='ltr'>unum</span> <span class='ocrx_word' id='word_1_221' title='bbox 941 1927 1131 1974; x_wconf 76' lang='lat' dir='ltr'>sumus3.</span> <span class='ocrx_word' id='word_1_222' title='bbox 1152 1948 1174 1969; x_wconf 71' lang='lat' dir='ltr'>D</span> <span class='ocrx_word' id='word_1_223' title='bbox 1200 1928 1322 1985; x_wconf 85' lang='lat' dir='ltr'>Quid</span> <span class='ocrx_word' id='word_1_224' title='bbox 1344 1941 1431 1988; x_wconf 82' lang='lat' dir='ltr'>est,</span> 
     </span>
    </p>
   </div>
   <div class='ocr_carea' id='block_1_5' title="bbox 50 1997 1436 2274">
    <p class='ocr_par' dir='ltr' id='par_1_6' title="bbox 57 1997 1436 2125">
     <span class='ocr_line' id='line_1_24' title="bbox 57 1997 1436 2062; baseline 0.003 -19"><span class='ocrx_word' id='word_1_225' title='bbox 57 1997 178 2061; x_wconf 93' lang='lat' dir='ltr'>quod</span> <span class='ocrx_word' id='word_1_226' title='bbox 199 2015 289 2044; x_wconf 92' lang='lat' dir='ltr'>non</span> <span class='ocrx_word' id='word_1_227' title='bbox 310 2007 433 2062; x_wconf 85' lang='lat' dir='ltr'>potes</span> <span class='ocrx_word' id='word_1_228' title='bbox 451 1997 590 2044; x_wconf 86' lang='lat' dir='ltr'>facere</span> <span class='ocrx_word' id='word_1_229' title='bbox 619 1997 863 2062; x_wconf 88' lang='lat' dir='ltr'>quidquam</span> <span class='ocrx_word' id='word_1_230' title='bbox 876 2035 888 2056; x_wconf 82' lang='lat'><strong><em>,</em></strong></span> <span class='ocrx_word' id='word_1_231' title='bbox 915 1998 997 2044; x_wconf 91' lang='lat' dir='ltr'>nisi</span> <span class='ocrx_word' id='word_1_232' title='bbox 1031 1998 1151 2062; x_wconf 91' lang='lat' dir='ltr'>quod</span> <span class='ocrx_word' id='word_1_233' title='bbox 1170 1999 1329 2047; x_wconf 83' lang='lat' dir='ltr'>videris</span> <span class='ocrx_word' id='word_1_234' title='bbox 1351 2001 1436 2048; x_wconf 87' lang='lat' dir='ltr'>Pa-</span> 
     </span>
     <span class='ocr_line' id='line_1_25' title="bbox 58 2067 795 2125; baseline 0.001 -13"><span class='ocrx_word' id='word_1_235' title='bbox 58 2077 165 2113; x_wconf 87' lang='lat' dir='ltr'>trem</span> <span class='ocrx_word' id='word_1_236' title='bbox 191 2068 448 2114; x_wconf 63' lang='lat' dir='ltr'>facientem?</span> <span class='ocrx_word' id='word_1_237' title='bbox 473 2067 594 2125; x_wconf 88' lang='lat' dir='ltr'>Quid</span> <span class='ocrx_word' id='word_1_238' title='bbox 607 2079 670 2113; x_wconf 87' lang='lat' dir='ltr'>est</span> <span class='ocrx_word' id='word_1_239' title='bbox 682 2067 795 2113; x_wconf 74' lang='lat' dir='ltr'>hoc?</span> 
     </span>
    </p>

    <p class='ocr_par' dir='ltr' id='par_1_7' title="bbox 50 2137 1426 2274">
     <span class='ocr_line' id='line_1_26' title="bbox 114 2137 1426 2195; baseline 0.003 -12"><span class='ocrx_word' id='word_1_240' title='bbox 114 2139 241 2185; x_wconf 83' lang='lat' dir='ltr'>XIII.</span> <span class='ocrx_word' id='word_1_241' title='bbox 286 2140 413 2184; x_wconf 86' lang='lat' dir='ltr'>Forte</span> <span class='ocrx_word' id='word_1_242' title='bbox 447 2138 566 2184; x_wconf 88' lang='lat' dir='ltr'>dicat</span> <span class='ocrx_word' id='word_1_243' title='bbox 592 2138 726 2195; x_wconf 81' lang='lat' dir='ltr'>mihi,</span> <span class='ocrx_word' id='word_1_244' title='bbox 764 2138 853 2184; x_wconf 90' lang='lat' dir='ltr'>imo</span> <span class='ocrx_word' id='word_1_245' title='bbox 886 2137 1006 2183; x_wconf 88' lang='lat' dir='ltr'>dicat</span> <span class='ocrx_word' id='word_1_246' title='bbox 1028 2138 1156 2184; x_wconf 87' lang='lat' dir='ltr'>nobis</span> <span class='ocrx_word' id='word_1_247' title='bbox 1189 2141 1393 2187; x_wconf 91' lang='lat' dir='ltr'>omnibus</span> <span class='ocrx_word' id='word_1_248' title='bbox 1415 2160 1426 2187; x_wconf 73' lang='lat' dir='ltr'>t</span> 
     </span>
     <span class='ocr_line' id='line_1_27' title="bbox 50 2206 1426 2274; baseline 0.004 -22"><span class='ocrx_word' id='word_1_249' title='bbox 50 2206 145 2254; x_wconf 91' lang='lat' dir='ltr'>Hoc</span> <span class='ocrx_word' id='word_1_250' title='bbox 159 2209 273 2254; x_wconf 89' lang='lat' dir='ltr'>enim</span> <span class='ocrx_word' id='word_1_251' title='bbox 293 2208 413 2272; x_wconf 89' lang='lat' dir='ltr'>quod</span> <span class='ocrx_word' id='word_1_252' title='bbox 423 2208 510 2254; x_wconf 85' lang='lat' dir='ltr'>dixi</span> <span class='ocrx_word' id='word_1_253' title='bbox 531 2227 542 2253; x_wconf 90' lang='lat'>:</span> <span class='ocrx_word' id='word_1_254' title='bbox 561 2229 582 2250; x_wconf 83' lang='lat'>«</span> <span class='ocrx_word' id='word_1_255' title='bbox 594 2209 694 2253; x_wconf 85' lang='lat' dir='ltr'>Non</span> <span class='ocrx_word' id='word_1_256' title='bbox 710 2218 853 2271; x_wconf 90' lang='lat' dir='ltr'>potest</span> <span class='ocrx_word' id='word_1_257' title='bbox 863 2207 940 2253; x_wconf 91' lang='lat' dir='ltr'>Fili</span> <span class='ocrx_word' id='word_1_258' title='bbox 948 2225 996 2253; x_wconf 93' lang='lat' dir='ltr'>us</span> <span class='ocrx_word' id='word_1_259' title='bbox 1004 2207 1146 2254; x_wconf 88' lang='lat' dir='ltr'>facere</span> <span class='ocrx_word' id='word_1_260' title='bbox 1165 2210 1426 2274; x_wconf 83' lang='lat' dir='ltr'>quidquam,</span> 
     </span>
    </p>
   </div>
   <div class='ocr_carea' id='block_1_6' title="bbox 0 2276 1425 2484">
    <p class='ocr_par' dir='ltr' id='par_1_8' title="bbox 0 2276 1425 2484">
     <span class='ocr_line' id='line_1_28' title="bbox 0 2276 1425 2342; baseline 0.003 -19"><span class='ocrx_word' id='word_1_261' title='bbox 0 2295 4 2305; x_wconf 67' lang='grc'>’</span> <span class='ocrx_word' id='word_1_262' title='bbox 50 2298 71 2318; x_wconf 88' lang='lat'>»</span> <span class='ocrx_word' id='word_1_263' title='bbox 93 2278 175 2323; x_wconf 80' lang='lat' dir='ltr'>nisi</span> <span class='ocrx_word' id='word_1_264' title='bbox 202 2278 322 2342; x_wconf 90' lang='lat' dir='ltr'>quod</span> <span class='ocrx_word' id='word_1_265' title='bbox 357 2278 515 2324; x_wconf 81' lang='lat' dir='ltr'>viderit</span> <span class='ocrx_word' id='word_1_266' title='bbox 541 2279 717 2324; x_wconf 85' lang='lat' dir='ltr'>Patrem</span> <span class='ocrx_word' id='word_1_267' title='bbox 753 2276 984 2323; x_wconf 87' lang='lat' dir='ltr'>facientem</span> <span class='ocrx_word' id='word_1_268' title='bbox 1010 2294 1021 2322; x_wconf 76' lang='lat' dir='ltr'><strong><em>z</em></strong></span> <span class='ocrx_word' id='word_1_269' title='bbox 1045 2298 1066 2319; x_wconf 84' lang='lat'>»</span> <span class='ocrx_word' id='word_1_270' title='bbox 1097 2278 1243 2324; x_wconf 83' lang='lat' dir='ltr'>videre</span> <span class='ocrx_word' id='word_1_271' title='bbox 1279 2297 1425 2327; x_wconf 89' lang='lat' dir='ltr'>meum</span> 
     </span>
     <span class='ocr_line' id='line_1_29' title="bbox 0 2348 1424 2416; baseline 0.004 -22"><span class='ocrx_word' id='word_1_272' title='bbox 0 2368 2 2385; x_wconf 56' lang='grc' dir='ltr'><strong><em>τ</em></strong></span> <span class='ocrx_word' id='word_1_273' title='bbox 51 2349 267 2411; x_wconf 81' lang='lat' dir='ltr'>quomodo</span> <span class='ocrx_word' id='word_1_274' title='bbox 280 2349 506 2410; x_wconf 69' lang='lat' dir='ltr'>intelligis?</span> <span class='ocrx_word' id='word_1_275' title='bbox 525 2349 670 2396; x_wconf 75' lang='lat' dir='ltr'>videre</span> <span class='ocrx_word' id='word_1_276' title='bbox 686 2366 830 2395; x_wconf 91' lang='lat' dir='ltr'>meum</span> <span class='ocrx_word' id='word_1_277' title='bbox 842 2348 950 2412; x_wconf 91' lang='lat' dir='ltr'>quid</span> <span class='ocrx_word' id='word_1_278' title='bbox 969 2351 1057 2395; x_wconf 66' lang='lat' dir='ltr'>est?</span> <span class='ocrx_word' id='word_1_279' title='bbox 1070 2348 1299 2413; x_wconf 84' lang='lat' dir='ltr'>Sequestra</span> <span class='ocrx_word' id='word_1_280' title='bbox 1314 2370 1424 2416; x_wconf 90' lang='lat' dir='ltr'>pau-</span> 
     </span>
     <span class='ocr_line' id='line_1_30' title="bbox 0 2417 1419 2484; baseline 0.004 -21"><span class='ocrx_word' id='word_1_281' title='bbox 0 2436 3 2458; x_wconf 72' lang='grc' dir='ltr'><em>ι</em></span> <span class='ocrx_word' id='word_1_282' title='bbox 48 2417 187 2466; x_wconf 90' lang='lat' dir='ltr'>lulum</span> <span class='ocrx_word' id='word_1_283' title='bbox 210 2419 393 2466; x_wconf 89' lang='lat' dir='ltr'>formam</span> <span class='ocrx_word' id='word_1_284' title='bbox 415 2420 548 2476; x_wconf 85' lang='lat' dir='ltr'>servi,</span> <span class='ocrx_word' id='word_1_285' title='bbox 573 2437 706 2483; x_wconf 86' lang='lat' dir='ltr'>quam</span> <span class='ocrx_word' id='word_1_286' title='bbox 738 2429 920 2483; x_wconf 86' lang='lat' dir='ltr'>propter</span> <span class='ocrx_word' id='word_1_287' title='bbox 944 2429 984 2465; x_wconf 89' lang='lat' dir='ltr'>te</span> <span class='ocrx_word' id='word_1_288' title='bbox 1018 2420 1220 2484; x_wconf 86' lang='lat' dir='ltr'>suscepit.</span> <span class='ocrx_word' id='word_1_289' title='bbox 1246 2423 1419 2469; x_wconf 86' lang='lat' dir='ltr'>Etenim</span> 
     </span>
    </p>
   </div>
   <div class='ocr_carea' id='block_1_7' title="bbox 0 2488 1413 2538">
    <p class='ocr_par' dir='ltr' id='par_1_9' title="bbox 0 2488 1413 2538">
     <span class='ocr_line' id='line_1_31' title="bbox 0 2488 1413 2538; baseline 0.004 -5"><span class='ocrx_word' id='word_1_290' title='bbox 0 2513 3 2525; x_wconf 56' lang='grc' dir='ltr'><strong><em>ι</em></strong></span> <span class='ocrx_word' id='word_1_291' title='bbox 45 2488 91 2534; x_wconf 85' lang='lat' dir='ltr'>in</span> <span class='ocrx_word' id='word_1_292' title='bbox 113 2488 187 2535; x_wconf 92' lang='lat' dir='ltr'>illa</span> <span class='ocrx_word' id='word_1_293' title='bbox 208 2489 347 2536; x_wconf 88' lang='lat' dir='ltr'>forma</span> <span class='ocrx_word' id='word_1_294' title='bbox 362 2491 470 2537; x_wconf 83' lang='lat' dir='ltr'>servi</span> <span class='ocrx_word' id='word_1_295' title='bbox 489 2490 700 2536; x_wconf 90' lang='lat' dir='ltr'>Dominus</span> <span class='ocrx_word' id='word_1_296' title='bbox 723 2499 867 2535; x_wconf 91' lang='lat' dir='ltr'>noster</span> <span class='ocrx_word' id='word_1_297' title='bbox 884 2489 1032 2535; x_wconf 87' lang='lat' dir='ltr'>oculos</span> <span class='ocrx_word' id='word_1_298' title='bbox 1058 2500 1101 2535; x_wconf 92' lang='lat' dir='ltr'>et</span> <span class='ocrx_word' id='word_1_299' title='bbox 1124 2507 1245 2537; x_wconf 88' lang='lat' dir='ltr'>aures</span> <span class='ocrx_word' id='word_1_300' title='bbox 1268 2491 1413 2538; x_wconf 87' lang='lat' dir='ltr'>habe-</span> 
     </span>
    </p>
   </div>
   <div class='ocr_carea' id='block_1_8' title="bbox 0 2643 5 2675">
    <p class='ocr_par' dir='ltr' id='par_1_10' title="bbox 0 2643 5 2675">
     <span class='ocr_line' id='line_1_32' title="bbox 0 2643 5 2675; baseline 0 0"><span class='ocrx_word' id='word_1_301' title='bbox 0 2643 5 2675; x_wconf 67' lang='lat' dir='ltr'>l</span> 
     </span>
    </p>
   </div>
   <div class='ocr_carea' id='block_1_9' title="bbox 23 2572 29 2784">
    <p class='ocr_par' dir='ltr' id='par_1_11' title="bbox 23 2572 29 2784">
     <span class='ocr_line' id='line_1_33' title="bbox 23 2572 29 2784; baseline 0 457"><span class='ocrx_word' id='word_1_302' title='bbox 23 2572 29 2784; x_wconf 95' lang='lat' dir='ltr'> </span> 
     </span>
    </p>
   </div>
   <div class='ocr_carea' id='block_1_10' title="bbox 0 2559 1414 2626">
    <p class='ocr_par' dir='ltr' id='par_1_12' title="bbox 0 2559 1414 2626">
     <span class='ocr_line' id='line_1_34' title="bbox 0 2559 1414 2626; baseline 0.004 -22"><span class='ocrx_word' id='word_1_303' title='bbox 0 2589 2 2593; x_wconf 93' lang='lat'>-</span> <span class='ocrx_word' id='word_1_304' title='bbox 45 2559 122 2604; x_wconf 90' lang='lat' dir='ltr'>bat</span> <span class='ocrx_word' id='word_1_305' title='bbox 140 2560 186 2606; x_wconf 92' lang='lat' dir='ltr'>in</span> <span class='ocrx_word' id='word_1_306' title='bbox 205 2577 332 2607; x_wconf 86' lang='lat' dir='ltr'>carne</span> <span class='ocrx_word' id='word_1_307' title='bbox 347 2599 358 2619; x_wconf 83' lang='grc'>,</span> <span class='ocrx_word' id='word_1_308' title='bbox 381 2572 422 2607; x_wconf 89' lang='lat' dir='ltr'>et</span> <span class='ocrx_word' id='word_1_309' title='bbox 439 2561 514 2607; x_wconf 87' lang='lat' dir='ltr'>illa</span> <span class='ocrx_word' id='word_1_310' title='bbox 525 2561 665 2607; x_wconf 83' lang='lat' dir='ltr'>forma</span> <span class='ocrx_word' id='word_1_311' title='bbox 691 2560 886 2606; x_wconf 87' lang='lat' dir='ltr'>humana</span> <span class='ocrx_word' id='word_1_312' title='bbox 910 2560 1084 2624; x_wconf 87' lang='lat' dir='ltr'>qualem</span> <span class='ocrx_word' id='word_1_313' title='bbox 1106 2570 1148 2606; x_wconf 91' lang='lat' dir='ltr'>et</span> <span class='ocrx_word' id='word_1_314' title='bbox 1167 2578 1245 2608; x_wconf 89' lang='lat' dir='ltr'>nos</span> <span class='ocrx_word' id='word_1_315' title='bbox 1265 2573 1414 2626; x_wconf 88' lang='lat' dir='ltr'>porta-</span> 
     </span>
    </p>
   </div>
   <div class='ocr_carea' id='block_1_11' title="bbox 43 2630 1407 2696">
    <p class='ocr_par' dir='ltr' id='par_1_13' title="bbox 43 2630 1407 2696">
     <span class='ocr_line' id='line_1_35' title="bbox 43 2630 1407 2696; baseline 0.004 -21"><span class='ocrx_word' id='word_1_316' title='bbox 43 2643 136 2676; x_wconf 90' lang='lat' dir='ltr'>mus</span> <span class='ocrx_word' id='word_1_317' title='bbox 154 2631 303 2678; x_wconf 86' lang='lat' dir='ltr'>eadem</span> <span class='ocrx_word' id='word_1_318' title='bbox 320 2632 459 2693; x_wconf 86' lang='lat' dir='ltr'>figura</span> <span class='ocrx_word' id='word_1_319' title='bbox 474 2631 668 2696; x_wconf 87' lang='lat' dir='ltr'>corporis</span> <span class='ocrx_word' id='word_1_320' title='bbox 687 2641 778 2677; x_wconf 87' lang='lat' dir='ltr'>erat</span> <span class='ocrx_word' id='word_1_321' title='bbox 794 2668 805 2688; x_wconf 83' lang='lat'>,</span> <span class='ocrx_word' id='word_1_322' title='bbox 823 2630 975 2676; x_wconf 87' lang='lat' dir='ltr'>eadem</span> <span class='ocrx_word' id='word_1_323' title='bbox 986 2630 1246 2680; x_wconf 80' lang='lat' dir='ltr'>lineamenta</span> <span class='ocrx_word' id='word_1_324' title='bbox 1265 2650 1407 2680; x_wconf 90' lang='lat' dir='ltr'>mem-</span> 
     </span>
    </p>
   </div>
   <div class='ocr_carea' id='block_1_12' title="bbox 93 2716 923 2763">
    <p class='ocr_par' dir='ltr' id='par_1_14' title="bbox 93 2716 923 2763">
     <span class='ocr_line' id='line_1_36' title="bbox 93 2716 923 2763; baseline -0.004 -11"><span class='ocrx_word' id='word_1_325' title='bbox 93 2720 204 2754; x_wconf 86' lang='lat' dir='ltr'>¹Geu.</span> <span class='ocrx_word' id='word_1_326' title='bbox 221 2732 245 2763; x_wconf 85' lang='lat'>1,</span> <span class='ocrx_word' id='word_1_327' title='bbox 261 2722 316 2756; x_wconf 74' lang='lat'>26.</span> <span class='ocrx_word' id='word_1_328' title='bbox 336 2719 412 2744; x_wconf 76' lang='lat'>—2</span> <span class='ocrx_word' id='word_1_329' title='bbox 429 2723 526 2755; x_wconf 84' lang='lat' dir='ltr'>Joau.</span> <span class='ocrx_word' id='word_1_330' title='bbox 550 2731 575 2760; x_wconf 90' lang='lat'>1,</span> <span class='ocrx_word' id='word_1_331' title='bbox 598 2721 631 2752; x_wconf 85' lang='lat'>3.</span> <span class='ocrx_word' id='word_1_332' title='bbox 646 2716 719 2742; x_wconf 81' lang='lat'>—3</span> <span class='ocrx_word' id='word_1_333' title='bbox 741 2718 791 2753; x_wconf 75' lang='lat' dir='ltr'>Id,</span> <span class='ocrx_word' id='word_1_334' title='bbox 811 2729 845 2763; x_wconf 82' lang='lat' dir='ltr'>x,</span> <span class='ocrx_word' id='word_1_335' title='bbox 869 2719 923 2753; x_wconf 81' lang='lat'>30.</span> 
     </span>
    </p>
   </div>
   <div class='ocr_carea' id='block_1_13' title="bbox 1234 2773 1279 2823">
    <p class='ocr_par' dir='ltr' id='par_1_15' title="bbox 1234 2773 1279 2823">
     <span class='ocr_line' id='line_1_37' title="bbox 1234 2773 1279 2823; baseline 0.067 -3"><span class='ocrx_word' id='word_1_336' title='bbox 1234 2773 1279 2823; x_wconf 89' lang='grc'>6.</span> 
     </span>
    </p>
   </div>
  </div>
 </body>
</html>
