1866 3241
29 358 31 368 γ
163 323 303 351 §izimo
341 323 487 361 (junx,
527 322 582 351 DE
620 323 780 354 vmms
819 322 970 354 Aros'r.
1015 324 1177 354 PHILIP.
1217 324 1283 354 111.
1359 309 1450 372 447

29 378 31 382 ¹
76 385 220 433 saeculi
252 388 536 434 resurrectio?
576 388 729 434 Nonne
753 399 794 434 et
830 399 1026 434 nostrum
1055 387 1338 453 corruptibile
1367 386 1456 435 hoc

0 507 1 510 Ἴ
20 473 24 483 ’
74 456 229 503 induet
246 458 617 523 incorruptionem
635 497 645 516 ,
665 470 707 504 et
727 459 906 505 mortale
927 459 1012 505 hoc
1033 460 1186 506 induet
1203 459 1456 506 immortali-

15 533 23 580 ]
75 529 268 576 tatem19
308 532 460 577 Nonne
493 531 715 595 quomodo
738 531 829 596 ipse
856 532 1081 577 resurrexit
1109 550 1131 576 a
1167 531 1350 577 mortuis
1368 569 1379 588 ‚
1414 541 1458 577 et

17 602 29 634 -‘
69 604 162 660 jam
185 618 273 646 non
295 602 496 658 moritur,
524 613 564 647 et
586 620 700 648 mors
719 603 757 647 ei
778 602 889 648 ultra
909 619 995 647 non
1016 601 1346 648 dominabitur2
1361 639 1372 658 ,
1395 602 1455 647 sic

18 661 29 709 Ῐ1
74 681 116 716 et
139 689 244 728 nos,
282 672 547 729 mirabilius,
576 683 625 718 ut
653 674 711 718 ita
742 672 914 719 dicam?
951 673 1062 717 Nam
1090 671 1204 717 ilh'us
1236 689 1336 717 caro
1367 688 1455 718 non

75 742 187 789 vidit
204 744 551 807 corruptionem,
574 755 716 790 nostra
738 744 791 789 de
810 744 952 790 cinere
975 753 1214 807 reparatur.
1247 743 1457 804 Magnum

24 837 26 850 ·
73 824 136 859 est
157 814 333 877 quidem
351 852 361 871 ,
391 815 492 878 quia
509 815 731 879 praecessit
761 815 806 860 in
826 814 1042 879 exempIO,
1079 825 1122 859 et
1145 813 1295 859 dedit3
1328 814 1456 860 nobis

18 891 21 894 “
72 884 178 948 quid
203 902 470 949 speraremus
490 904 500 931 :
530 886 604 932 sed
628 904 716 932 non
736 886 822 931 hoc
847 896 909 931 est
933 885 1073 932 solum
1094 884 1158 930 illi
1182 884 1258 949 qui
1283 884 1336 931 de
1354 888 1454 944 Jus-

17 978 25 994 ν,
75 955 169 1001 titia
192 954 453 1018 loquebatur
478 975 566 1002 non
592 974 691 1013 sua„
717 956 789 1002 sed
809 955 883 1001 illa
905 973 1003 1020 quae
1028 973 1075 1000 ex
1102 956 1191 1001 Deo
1214 966 1301 1012 est,
1329 966 1371 1001 et
1387 955 1452 1002 ibi

72 1026 313 1072 nominavit
347 1026 555 1073 virtutem
594 1026 918 1073 resurrectionis
951 1026 1116 1071 Christi
1146 1044 1156 1071 ε
1186 1043 1366 1086 agnosce
1389 1026 1454 1072 ibi

21 1155 23 1160 ,
64 1096 420 1156 Justifieationem
442 1109 577 1144 tuam.
603 1100 663 1143 Ex
680 1098 795 1143 illius
818 1097 932 1142 enim
950 1097 1260 1142 resurrectione
1282 1097 1449 1157 justifi-

18 1159 19 1163 ¹
72 1184 240 1224 camur,
269 1178 477 1232 tanquam
497 1187 519 1214 a
535 1179 660 1232 petra
680 1167 1062 1214 circumcidamur.
1095 1167 1332 1231 Propterea
1349 1167 1451 1214 inde

71 1238 233 1301 coepit,
271 1240 401 1284 «Nos
437 1257 584 1285 sumus
616 1238 907 1284 circumcisio.
941 1260 961 1279 ›>
991 1237 1116 1283 Unde
1145 1238 1449 1284 circumcisio?

72 1310 107 1353 A
133 1319 271 1371 petra.
307 1310 406 1365 Qua
437 1313 592 1373 petra‘?
619 1310 812 1356 Christo.
855 1308 1121 1366 Quomodo?
1156 1309 1326 1357 Octavo
1360 1309 1443 1357 die.

4 1424 6 1427 .
71 1379 304 1434 Quomodo
329 1381 556 1426 resurrexit
579 1380 793 1425 Dominus
820 1379 1053 1424 Dominico
1078 1379 1160 1425 die.

133 1450 259 1497 Xlll.
291 1451 416 1495 Hanc
437 1468 536 1510 ergo
552 1488 562 1506 ,
607 1449 759 1495 fratres
782 1449 866 1494 mei
881 1487 891 1505 ,
912 1449 1271 1508 justificationem
1297 1459 1339 1494 et
1360 1449 1448 1495 ha—

15 1519 16 1522 ’
67 1520 247 1565 beamus
266 1521 310 1565 in
333 1531 549 1583 quantum
571 1520 808 1575 habemus,
831 1530 873 1564 et
903 1535 1136 1578 augeamus
1166 1519 1211 1564 in
1230 1530 1446 1583 quantum

69 1590 253 1636 minores
289 1608 460 1647 sumus„
503 1601 544 1635 et
579 1589 856 1667 perficiamus
898 1606 1000 1634 cum
1030 1589 1134 1634 illue
1170 1590 1444 1647 venerimus,

5 1711 9 1716 ,
69 1660 146 1707 ubi
164 1660 349 1707 dicetur:
373 1661 500 1706 «Ubi
519 1671 598 1717 est,
621 1677 752 1716 mors,
775 1660 960 1705 11010110
976 1663 1082 1705 tua?
1101 1660 1189 1705 Ubi
1209 1671 1293 1717 est,
1310 1677 1443 1718 mors,

5 1790 11 1801 ι
68 1754 88 1772 »
107 1731 280 1778 aculeus
304 1730 457 1777 tuus-'⁴3³
477 1754 498 1774 »
523 1730 609 1776 Sed
639 1741 780 1776 totum
808 1747 855 1774 ex
880 1731 1005 1775 Deo:
1036 1747 1125 1775 non
1154 1740 1300 1775 tamen
1324 1731 1448 1794 quasi

6 1827 9 1849 ι
66 1800 351 1858 donnientes
393 1819 481 1846 non
505 1801 629 1865 quasi
666 1811 715 1845 ut
750 1817 838 1845 non
859 1817 1093 1856 conemur,
1124 1818 1212 1845 non
1241 1801 1366 1864 quasi
1397 1811 1447 1847 ut

4 1878 8 1922 ξ
67 1889 152 1917 11011
177 1871 370 1918 velimus.
413 1872 513 1917 Sine
540 1871 761 1917 xoluntate
796 1880 868 1915 tua
907 1887 995 1915 non
1030 1871 1109 1915 erit
1133 1871 1179 1915 in
1214 1882 1251 1916 te
1275 1872 1444 1931 J'ustitia

5 1951 9 1960 ³
64 1943 159 1989 Dei.
195 1942 404 1989 Voluntas
424 1942 603 2006 quidem
628 1958 717 1986 non
749 1950 812 1986 est
834 1940 912 1985 nisi
946 1951 1042 1991 tua.
1077 1941 1245 2001 justitia
1271 1959 1359 1988 non
1381 1952 1445 1988 est

2 2032 5 2044 ⁴
63 2013 146 2059 nisi
168 2014 260 2060 Dei.
285 2015 385 2059 Esse
408 2023 549 2077 potest
568 2012 737 2073 Justitia
764 2011 845 2055 Dei
869 2011 958 2056 sine
982 2011 1205 2057 voluntate
1235 2023 1310 2058 tua
1328 2051 1339 2070 ,
1370 2012 1445 2059 sed

2 2093 5 2103 '
62 2084 110 2130 in
130 2093 170 2129 te
194 2101 281 2130 esse
299 2102 388 2130 non
411 2093 555 2148 potest
576 2093 737 2147 praeter
764 2080 1030 2128 voluntatem
1068 2094 1204 2130 tuam.
1246 2085 1443 2130 Demon—

2 2156 9 2197 ss
64 2164 246 2200 stratum
270 2165 332 2199 est
354 2154 461 2217 quid
480 2170 601 2213 agere
627 2152 784 2198 debeas
807 2169 816 2196 :
840 2152 964 2211 jussit
988 2152 1051 2197 lex
1067 2190 1077 2205 ,
1110 2154 1208 2198 Non
1233 2153 1365 2200 facias
1384 2154 1442 2200 il-

0 2262 1 2267 ,
64 2223 165 2280 lud,
199 2243 288 2270 non
317 2224 451 2278 illud;
482 2225 566 2269 Fac
592 2224 679 2268 hoc
698 2233 828 2286 atque
851 2221 976 2269 illud.
1008 2224 1360 2270 Demonstratum
1383 2235 1445 2270 est

63 2295 171 2351 tibi,
190 2299 358 2356 jussum
381 2305 442 2340 est
469 2294 572 2351 tibi,
615 2303 814 2358 apertum
845 2302 907 2337 est
938 2292 1046 2350 tibi,
1078 2294 1112 2339 si
1146 2294 1229 2339 tibi
1256 2304 1318 2340 est
1340 2311 1441 2352 cor,

64 2365 305 2411 intellexisti
321 2365 429 2429 quid
450 2364 581 2410 facias
600 2382 610 2409 :
638 2381 742 2424 roga
760 2373 809 2409 ut
825 2362 956 2408 facias
969 2400 980 2419 ‚
1004 2363 1038 2409 si
1059 2364 1281 2423 cognoscis
1300 2365 1445 2412 virtu-

3 2480 6 2499 :
62 2446 151 2481 tem
175 2435 496 2482 resurrectionis
529 2434 709 2481 Christi.
749 2455 770 2476 ‹<
796 2432 1003 2479 Traditus
1032 2444 1094 2480 est
1121 2435 1236 2480 enim
1265 2447 1446 2501 propter

64 2504 263 2552 »delicta
308 2517 483 2562 nostra,
526 2515 567 2550 et
604 2504 832 2550 resurrexit
870 2514 1054 2568 propter
1087 2505 1446 2566 justificationem

113 2606 122 2626 ¹
157 2617 169 2635 1
201 2606 279 2639 Cor.
307 2616 360 2644 xv,
386 2605 443 2641 54.
473 2622 521 2629 -
552 2602 567 2626 2
599 2606 692 2636 Rom.
720 2614 767 2643 vx,
787 2614 822 2644 9.
850 2619 896 2627 —
919 2599 934 2625 3
960 2602 1051 2634 Forte
1082 2602 1231 2640 ostendit.
1250 2601 1325 2629 ·‘—⁴
1344 2617 1357 2637 1
1375 2607 1449 2646 Cor.

61 2669 114 2697 xv,
136 2658 191 2693 55,
