<?xml version="1.0" encoding="UTF-8"?>
<!DOCTYPE html PUBLIC "-//W3C//DTD XHTML 1.0 Transitional//EN"
    "http://www.w3.org/TR/xhtml1/DTD/xhtml1-transitional.dtd">
<html xmlns="http://www.w3.org/1999/xhtml" xml:lang="en" lang="en">
 <head>
  <title>
</title>
<meta http-equiv="Content-Type" content="text/html;charset=utf-8" />
  <meta name='ocr-system' content='tesseract 3.04.00' />
  <meta name='ocr-capabilities' content='ocr_page ocr_carea ocr_par ocr_line ocrx_word'/>
</head>
<body>
  <div class='ocr_page' id='page_1' title='image "./operaomniaaccura19auguuoft_0256.png"; bbox 0 0 1866 3241; ppageno 0'>
   <div class='ocr_carea' id='block_1_1' title="bbox 359 324 1738 2646">
    <p class='ocr_par' dir='ltr' id='par_1_1' title="bbox 359 324 1731 542">
     <span class='ocr_line' id='line_1_1' title="bbox 365 324 1339 378; baseline 0.005 -11"><span class='ocrx_word' id='word_1_1' title='bbox 365 324 455 378; x_wconf 55' lang='lat'>‘2²40</span> <span class='ocrx_word' id='word_1_2' title='bbox 782 339 816 369; x_wconf 86' lang='lat' dir='ltr'>s.</span> <span class='ocrx_word' id='word_1_3' title='bbox 863 338 1102 371; x_wconf 54' lang='lat' dir='ltr'>aversus-1</span> <span class='ocrx_word' id='word_1_4' title='bbox 1138 338 1339 372; x_wconf 63' lang='lat' dir='ltr'>Emi-‚cort</span> 
     </span>
     <span class='ocr_line' id='line_1_2' title="bbox 359 404 1731 476; baseline 0.008 -28"><span class='ocrx_word' id='word_1_5' title='bbox 359 409 449 463; x_wconf 75' lang='lat' dir='ltr'>jam</span> <span class='ocrx_word' id='word_1_6' title='bbox 471 411 630 450; x_wconf 77' lang='lat' dir='ltr'>teneret</span> <span class='ocrx_word' id='word_1_7' title='bbox 651 405 967 452; x_wconf 76' lang='lat' dir='ltr'>observationes</span> <span class='ocrx_word' id='word_1_8' title='bbox 985 404 1239 453; x_wconf 79' lang='lat' dir='ltr'>Judaeorum</span> <span class='ocrx_word' id='word_1_9' title='bbox 1257 409 1267 454; x_wconf 77' lang='lat' dir='ltr'>t</span> <span class='ocrx_word' id='word_1_10' title='bbox 1289 416 1375 454; x_wconf 79' lang='lat' dir='ltr'>non</span> <span class='ocrx_word' id='word_1_11' title='bbox 1396 418 1539 456; x_wconf 85' lang='lat' dir='ltr'>tamen</span> <span class='ocrx_word' id='word_1_12' title='bbox 1552 409 1591 457; x_wconf 86' lang='lat' dir='ltr'>ei</span> <span class='ocrx_word' id='word_1_13' title='bbox 1607 411 1731 476; x_wconf 73' lang='lat' dir='ltr'>quasi</span> 
     </span>
     <span class='ocr_line' id='line_1_3' title="bbox 365 476 1448 542; baseline 0.005 -21"><span class='ocrx_word' id='word_1_14' title='bbox 365 491 515 535; x_wconf 80' lang='lat' dir='ltr'>gurges</span> <span class='ocrx_word' id='word_1_15' title='bbox 531 477 690 522; x_wconf 69' lang='lat' dir='ltr'>ventris</span> <span class='ocrx_word' id='word_1_16' title='bbox 708 487 747 522; x_wconf 86' lang='lat' dir='ltr'>et</span> <span class='ocrx_word' id='word_1_17' title='bbox 764 476 883 523; x_wconf 84' lang='lat' dir='ltr'>foeda</span> <span class='ocrx_word' id='word_1_18' title='bbox 908 478 1122 523; x_wconf 78' lang='lat' dir='ltr'>voracitas</span> <span class='ocrx_word' id='word_1_19' title='bbox 1143 478 1353 542; x_wconf 82' lang='lat' dir='ltr'>imperata</span> <span class='ocrx_word' id='word_1_20' title='bbox 1372 488 1448 527; x_wconf 82' lang='lat' dir='ltr'>est.</span> 
     </span>
    </p>

    <p class='ocr_par' dir='ltr' id='par_1_2' title="bbox 360 545 1736 1872">
     <span class='ocr_line' id='line_1_4' title="bbox 428 545 1728 610; baseline 0.006 -18"><span class='ocrx_word' id='word_1_21' title='bbox 428 545 463 591; x_wconf 84' lang='lat' dir='ltr'>V</span> <span class='ocrx_word' id='word_1_22' title='bbox 466 546 487 591; x_wconf 83' lang='grc' dir='ltr'><strong>Ἰ</strong></span> <span class='ocrx_word' id='word_1_23' title='bbox 494 583 502 593; x_wconf 92' lang='grc'><em>.</em></span> <span class='ocrx_word' id='word_1_24' title='bbox 545 545 630 593; x_wconf 82' lang='lat' dir='ltr'>Sed</span> <span class='ocrx_word' id='word_1_25' title='bbox 656 557 799 593; x_wconf 88' lang='lat' dir='ltr'>tamen</span> <span class='ocrx_word' id='word_1_26' title='bbox 817 558 868 593; x_wconf 90' lang='lat' dir='ltr'>ut</span> <span class='ocrx_word' id='word_1_27' title='bbox 882 547 1128 607; x_wconf 82' lang='lat' dir='ltr'>intelligatis</span> <span class='ocrx_word' id='word_1_28' title='bbox 1150 547 1236 594; x_wconf 88' lang='grc'><strong>1106</strong></span> <span class='ocrx_word' id='word_1_29' title='bbox 1259 549 1303 594; x_wconf 87' lang='lat' dir='ltr'>in</span> <span class='ocrx_word' id='word_1_30' title='bbox 1323 549 1462 610; x_wconf 83' lang='lat' dir='ltr'>figura</span> <span class='ocrx_word' id='word_1_31' title='bbox 1481 566 1569 596; x_wconf 85' lang='lat' dir='ltr'>esse</span> <span class='ocrx_word' id='word_1_32' title='bbox 1587 565 1728 601; x_wconf 75' lang='lat' dir='ltr'>mons-</span> 
     </span>
     <span class='ocr_line' id='line_1_5' title="bbox 361 617 1731 684; baseline 0.005 -23"><span class='ocrx_word' id='word_1_33' title='bbox 361 626 541 670; x_wconf 75' lang='lat' dir='ltr'>tratum,</span> <span class='ocrx_word' id='word_1_34' title='bbox 558 627 680 663; x_wconf 83' lang='lat' dir='ltr'>erant</span> <span class='ocrx_word' id='word_1_35' title='bbox 697 617 742 663; x_wconf 86' lang='lat' dir='ltr'>in</span> <span class='ocrx_word' id='word_1_36' title='bbox 757 617 831 663; x_wconf 92' lang='lat' dir='ltr'>illo</span> <span class='ocrx_word' id='word_1_37' title='bbox 847 634 944 663; x_wconf 86' lang='lat' dir='ltr'>vase</span> <span class='ocrx_word' id='word_1_38' title='bbox 962 617 1189 680; x_wconf 82' lang='lat' dir='ltr'><strong>serpentia.</strong></span> <span class='ocrx_word' id='word_1_39' title='bbox 1217 617 1543 682; x_wconf 78' lang='lat' dir='ltr'>Numquidnam</span> <span class='ocrx_word' id='word_1_40' title='bbox 1561 630 1731 684; x_wconf 83' lang='lat' dir='ltr'>poterat</span> 
     </span>
     <span class='ocr_line' id='line_1_6' title="bbox 366 686 1728 751; baseline 0.004 -19"><span class='ocrx_word' id='word_1_41' title='bbox 366 686 629 733; x_wconf 78' lang='lat' dir='ltr'>manducare</span> <span class='ocrx_word' id='word_1_42' title='bbox 641 689 880 751; x_wconf 67' lang='lat' dir='ltr'>serpentes?</span> <span class='ocrx_word' id='word_1_43' title='bbox 898 686 1018 742; x_wconf 87' lang='lat' dir='ltr'>Quid</span> <span class='ocrx_word' id='word_1_44' title='bbox 1033 703 1133 747; x_wconf 83' lang='lat' dir='ltr'>ergo</span> <span class='ocrx_word' id='word_1_45' title='bbox 1152 687 1235 733; x_wconf 87' lang='lat' dir='ltr'>sibi</span> <span class='ocrx_word' id='word_1_46' title='bbox 1253 687 1439 736; x_wconf 84' lang='lat' dir='ltr'>vultista</span> <span class='ocrx_word' id='word_1_47' title='bbox 1450 689 1728 750; x_wconf 67' lang='lat' dir='ltr'>significatio?</span> 
     </span>
     <span class='ocr_line' id='line_1_7' title="bbox 362 755 1731 823; baseline 0.004 -20"><span class='ocrx_word' id='word_1_48' title='bbox 362 757 445 803; x_wconf 83' lang='lat' dir='ltr'>Vas</span> <span class='ocrx_word' id='word_1_49' title='bbox 475 757 583 803; x_wconf 85' lang='lat' dir='ltr'>illud</span> <span class='ocrx_word' id='word_1_50' title='bbox 607 756 844 803; x_wconf 72' lang='lat' dir='ltr'>Ecclesiam</span> <span class='ocrx_word' id='word_1_51' title='bbox 875 755 1089 816; x_wconf 80' lang='lat' dir='ltr'>signifieat</span> <span class='ocrx_word' id='word_1_52' title='bbox 1118 773 1129 802; x_wconf 69' lang='grc' dir='ltr'><em>τ</em></span> <span class='ocrx_word' id='word_1_53' title='bbox 1159 768 1346 821; x_wconf 84' lang='lat' dir='ltr'>quatuor</span> <span class='ocrx_word' id='word_1_54' title='bbox 1374 758 1525 815; x_wconf 77' lang='lat' dir='ltr'>lineae,</span> <span class='ocrx_word' id='word_1_55' title='bbox 1569 760 1731 823; x_wconf 84' lang='lat' dir='ltr'>quibus</span> 
     </span>
     <span class='ocr_line' id='line_1_8' title="bbox 361 826 1732 892; baseline 0.003 -20"><span class='ocrx_word' id='word_1_56' title='bbox 361 826 663 891; x_wconf 71' lang='lat' dir='ltr'>dependebat,</span> <span class='ocrx_word' id='word_1_57' title='bbox 696 836 882 889; x_wconf 82' lang='lat' dir='ltr'>quatuor</span> <span class='ocrx_word' id='word_1_58' title='bbox 908 837 1052 890; x_wconf 85' lang='lat' dir='ltr'>partes</span> <span class='ocrx_word' id='word_1_59' title='bbox 1083 826 1201 872; x_wconf 87' lang='lat' dir='ltr'>orbis</span> <span class='ocrx_word' id='word_1_60' title='bbox 1237 837 1448 874; x_wconf 78' lang='lat' dir='ltr'>terrarum</span> <span class='ocrx_word' id='word_1_61' title='bbox 1465 864 1476 885; x_wconf 86' lang='lat'>,</span> <span class='ocrx_word' id='word_1_62' title='bbox 1510 832 1589 892; x_wconf 82' lang='lat' dir='ltr'>per</span> <span class='ocrx_word' id='word_1_63' title='bbox 1625 844 1732 892; x_wconf 85' lang='lat' dir='ltr'>quas</span> 
     </span>
     <span class='ocr_line' id='line_1_9' title="bbox 360 894 1723 962; baseline 0.001 -19"><span class='ocrx_word' id='word_1_64' title='bbox 360 898 555 943; x_wconf 88' lang='lat' dir='ltr'>tenditur</span> <span class='ocrx_word' id='word_1_65' title='bbox 591 896 781 943; x_wconf 80' lang='lat' dir='ltr'>Ecclesia</span> <span class='ocrx_word' id='word_1_66' title='bbox 817 896 1034 943; x_wconf 82' lang='lat' dir='ltr'>catholica</span> <span class='ocrx_word' id='word_1_67' title='bbox 1050 934 1061 954; x_wconf 88' lang='grc'><strong>,</strong></span> <span class='ocrx_word' id='word_1_68' title='bbox 1103 913 1203 960; x_wconf 85' lang='lat' dir='ltr'>quae</span> <span class='ocrx_word' id='word_1_69' title='bbox 1251 894 1414 962; x_wconf 84' lang='lat' dir='ltr'>ubique</span> <span class='ocrx_word' id='word_1_70' title='bbox 1455 898 1611 945; x_wconf 87' lang='lat' dir='ltr'>diffusa</span> <span class='ocrx_word' id='word_1_71' title='bbox 1649 910 1723 947; x_wconf 89' lang='lat' dir='ltr'>est.</span> 
     </span>
     <span class='ocr_line' id='line_1_10' title="bbox 362 966 1731 1033; baseline 0.001 -19"><span class='ocrx_word' id='word_1_72' title='bbox 362 969 642 1033; x_wconf 79' lang='lat' dir='ltr'>Quicumque</span> <span class='ocrx_word' id='word_1_73' title='bbox 663 984 762 1027; x_wconf 85' lang='lat' dir='ltr'>ergo</span> <span class='ocrx_word' id='word_1_74' title='bbox 778 966 964 1014; x_wconf 84' lang='lat' dir='ltr'>voluerit</span> <span class='ocrx_word' id='word_1_75' title='bbox 982 968 1028 1013; x_wconf 87' lang='lat' dir='ltr'>in</span> <span class='ocrx_word' id='word_1_76' title='bbox 1060 978 1231 1031; x_wconf 85' lang='lat' dir='ltr'>partem</span> <span class='ocrx_word' id='word_1_77' title='bbox 1257 967 1316 1014; x_wconf 90' lang='lat' dir='ltr'>ire</span> <span class='ocrx_word' id='word_1_78' title='bbox 1335 1004 1346 1024; x_wconf 80' lang='grc'><strong>,</strong></span> <span class='ocrx_word' id='word_1_79' title='bbox 1379 979 1421 1014; x_wconf 88' lang='lat' dir='ltr'>et</span> <span class='ocrx_word' id='word_1_80' title='bbox 1451 969 1509 1014; x_wconf 86' lang='lat' dir='ltr'>ab</span> <span class='ocrx_word' id='word_1_81' title='bbox 1534 968 1731 1016; x_wconf 84' lang='lat' dir='ltr'>universo</span> 
     </span>
     <span class='ocr_line' id='line_1_11' title="bbox 362 1036 1732 1101; baseline 0.001 -17"><span class='ocrx_word' id='word_1_82' title='bbox 362 1036 615 1094; x_wconf 81' lang='lat' dir='ltr'>conscindi,</span> <span class='ocrx_word' id='word_1_83' title='bbox 641 1055 729 1083; x_wconf 91' lang='lat' dir='ltr'>non</span> <span class='ocrx_word' id='word_1_84' title='bbox 747 1037 935 1101; x_wconf 75' lang='lat' dir='ltr'>pertinet</span> <span class='ocrx_word' id='word_1_85' title='bbox 957 1036 1013 1083; x_wconf 86' lang='lat' dir='ltr'>ad</span> <span class='ocrx_word' id='word_1_86' title='bbox 1032 1048 1221 1101; x_wconf 86' lang='lat' dir='ltr'>quatuor</span> <span class='ocrx_word' id='word_1_87' title='bbox 1250 1037 1463 1084; x_wconf 88' lang='lat' dir='ltr'>linearum</span> <span class='ocrx_word' id='word_1_88' title='bbox 1485 1054 1732 1085; x_wconf 84' lang='lat' dir='ltr'>sacramen-</span> 
     </span>
     <span class='ocr_line' id='line_1_12' title="bbox 361 1107 1733 1172; baseline 0.002 -18"><span class='ocrx_word' id='word_1_89' title='bbox 361 1120 469 1154; x_wconf 85' lang='lat' dir='ltr'>tum.</span> <span class='ocrx_word' id='word_1_90' title='bbox 500 1108 546 1153; x_wconf 79' lang='lat' dir='ltr'>Si</span> <span class='ocrx_word' id='word_1_91' title='bbox 570 1118 714 1153; x_wconf 85' lang='lat' dir='ltr'>autem</span> <span class='ocrx_word' id='word_1_92' title='bbox 738 1107 795 1153; x_wconf 85' lang='lat' dir='ltr'>ad</span> <span class='ocrx_word' id='word_1_93' title='bbox 822 1107 1031 1154; x_wconf 78' lang='lat' dir='ltr'>visionem</span> <span class='ocrx_word' id='word_1_94' title='bbox 1062 1108 1180 1153; x_wconf 88' lang='lat' dir='ltr'>Petri</span> <span class='ocrx_word' id='word_1_95' title='bbox 1209 1124 1296 1153; x_wconf 90' lang='lat' dir='ltr'>non</span> <span class='ocrx_word' id='word_1_96' title='bbox 1327 1109 1539 1172; x_wconf 82' lang='lat' dir='ltr'>pertinet,</span> <span class='ocrx_word' id='word_1_97' title='bbox 1572 1125 1652 1155; x_wconf 87' lang='lat' dir='ltr'>nec</span> <span class='ocrx_word' id='word_1_98' title='bbox 1677 1109 1733 1157; x_wconf 81' lang='lat' dir='ltr'>ad</span> 
     </span>
     <span class='ocr_line' id='line_1_13' title="bbox 361 1174 1734 1242; baseline 0.001 -18"><span class='ocrx_word' id='word_1_99' title='bbox 361 1179 502 1224; x_wconf 82' lang='lat' dir='ltr'>claves</span> <span class='ocrx_word' id='word_1_100' title='bbox 527 1194 625 1242; x_wconf 75' lang='lat' dir='ltr'>quae</span> <span class='ocrx_word' id='word_1_101' title='bbox 648 1177 763 1224; x_wconf 79' lang='lat' dir='ltr'>datae</span> <span class='ocrx_word' id='word_1_102' title='bbox 786 1188 885 1224; x_wconf 88' lang='lat' dir='ltr'>sunt</span> <span class='ocrx_word' id='word_1_103' title='bbox 903 1178 1046 1224; x_wconf 89' lang='lat' dir='ltr'>Petro.</span> <span class='ocrx_word' id='word_1_104' title='bbox 1076 1178 1111 1222; x_wconf 79' lang='lat' dir='ltr'><strong>A</strong></span> <span class='ocrx_word' id='word_1_105' title='bbox 1128 1189 1315 1241; x_wconf 87' lang='lat' dir='ltr'>quatuor</span> <span class='ocrx_word' id='word_1_106' title='bbox 1330 1179 1444 1224; x_wconf 90' lang='lat' dir='ltr'>enim</span> <span class='ocrx_word' id='word_1_107' title='bbox 1465 1174 1604 1226; x_wconf 83' lang='lat' dir='ltr'>ventis</span> <span class='ocrx_word' id='word_1_108' title='bbox 1625 1177 1734 1226; x_wconf 87' lang='lat' dir='ltr'>dicit</span> 
     </span>
     <span class='ocr_line' id='line_1_14' title="bbox 361 1247 1735 1312; baseline 0 -17"><span class='ocrx_word' id='word_1_109' title='bbox 361 1250 479 1295; x_wconf 89' lang='lat' dir='ltr'>Deus</span> <span class='ocrx_word' id='word_1_110' title='bbox 512 1248 760 1308; x_wconf 79' lang='lat' dir='ltr'>congregari</span> <span class='ocrx_word' id='word_1_111' title='bbox 791 1258 959 1294; x_wconf 88' lang='lat' dir='ltr'>sanctos</span> <span class='ocrx_word' id='word_1_112' title='bbox 989 1248 1087 1294; x_wconf 88' lang='lat' dir='ltr'>suos</span> <span class='ocrx_word' id='word_1_113' title='bbox 1121 1247 1167 1293; x_wconf 90' lang='lat' dir='ltr'>in</span> <span class='ocrx_word' id='word_1_114' title='bbox 1197 1247 1310 1293; x_wconf 82' lang='grc'>111161</span> <span class='ocrx_word' id='word_1_115' title='bbox 1335 1265 1346 1293; x_wconf 90' lang='lat'>:</span> <span class='ocrx_word' id='word_1_116' title='bbox 1374 1249 1476 1311; x_wconf 86' lang='lat' dir='ltr'>quia</span> <span class='ocrx_word' id='word_1_117' title='bbox 1508 1265 1627 1296; x_wconf 87' lang='lat' dir='ltr'>nunc</span> <span class='ocrx_word' id='word_1_118' title='bbox 1656 1264 1735 1312; x_wconf 88' lang='lat' dir='ltr'>per</span> 
     </span>
     <span class='ocr_line' id='line_1_15' title="bbox 366 1318 1728 1382; baseline 0 -16"><span class='ocrx_word' id='word_1_119' title='bbox 366 1337 512 1367; x_wconf 91' lang='lat' dir='ltr'>onmes</span> <span class='ocrx_word' id='word_1_120' title='bbox 532 1320 632 1365; x_wconf 86' lang='lat' dir='ltr'>istos</span> <span class='ocrx_word' id='word_1_121' title='bbox 659 1330 846 1382; x_wconf 82' lang='lat' dir='ltr'>quatuor</span> <span class='ocrx_word' id='word_1_122' title='bbox 873 1318 1068 1364; x_wconf 83' lang='lat' dir='ltr'>cardines</span> <span class='ocrx_word' id='word_1_123' title='bbox 1099 1318 1204 1364; x_wconf 82' lang='lat' dir='ltr'>fides</span> <span class='ocrx_word' id='word_1_124' title='bbox 1232 1319 1476 1379; x_wconf 81' lang='lat' dir='ltr'>evangeliea</span> <span class='ocrx_word' id='word_1_125' title='bbox 1508 1318 1728 1367; x_wconf 85' lang='lat' dir='ltr'>dilatatur.</span> 
     </span>
     <span class='ocr_line' id='line_1_16' title="bbox 364 1384 1735 1453; baseline -0.001 -16"><span class='ocrx_word' id='word_1_126' title='bbox 364 1391 579 1438; x_wconf 81' lang='lat' dir='ltr'>Animalia</span> <span class='ocrx_word' id='word_1_127' title='bbox 599 1407 698 1450; x_wconf 81' lang='lat' dir='ltr'>ergo</span> <span class='ocrx_word' id='word_1_128' title='bbox 716 1389 785 1436; x_wconf 81' lang='lat' dir='ltr'>illa</span> <span class='ocrx_word' id='word_1_129' title='bbox 804 1427 814 1445; x_wconf 93' lang='grc'><strong>,</strong></span> <span class='ocrx_word' id='word_1_130' title='bbox 836 1389 994 1435; x_wconf 81' lang='lat' dir='ltr'>Gentes</span> <span class='ocrx_word' id='word_1_131' title='bbox 1011 1400 1123 1436; x_wconf 89' lang='lat' dir='ltr'>sunt.</span> <span class='ocrx_word' id='word_1_132' title='bbox 1153 1386 1315 1435; x_wconf 83' lang='lat' dir='ltr'>Omnes</span> <span class='ocrx_word' id='word_1_133' title='bbox 1334 1384 1449 1435; x_wconf 75' lang='lat' dir='ltr'>enini</span> <span class='ocrx_word' id='word_1_134' title='bbox 1463 1390 1621 1436; x_wconf 85' lang='lat' dir='ltr'>Gentes</span> <span class='ocrx_word' id='word_1_135' title='bbox 1636 1405 1735 1453; x_wconf 85' lang='lat' dir='ltr'>quae</span> 
     </span>
     <span class='ocr_line' id='line_1_17' title="bbox 362 1459 1734 1523; baseline -0.001 -16"><span class='ocrx_word' id='word_1_136' title='bbox 362 1460 602 1508; x_wconf 62' lang='lat' dir='ltr'>immundae</span> <span class='ocrx_word' id='word_1_137' title='bbox 625 1471 746 1506; x_wconf 80' lang='lat' dir='ltr'>erant</span> <span class='ocrx_word' id='word_1_138' title='bbox 760 1498 771 1510; x_wconf 75' lang='grc'><strong>,</strong></span> <span class='ocrx_word' id='word_1_139' title='bbox 797 1460 841 1504; x_wconf 89' lang='lat' dir='ltr'>in</span> <span class='ocrx_word' id='word_1_140' title='bbox 859 1459 1073 1505; x_wconf 85' lang='lat' dir='ltr'>erroribus</span> <span class='ocrx_word' id='word_1_141' title='bbox 1096 1470 1138 1504; x_wconf 86' lang='lat' dir='ltr'>et</span> <span class='ocrx_word' id='word_1_142' title='bbox 1160 1459 1538 1523; x_wconf 82' lang='lat' dir='ltr'>superstitionibus</span> <span class='ocrx_word' id='word_1_143' title='bbox 1565 1470 1607 1505; x_wconf 87' lang='lat' dir='ltr'>et</span> <span class='ocrx_word' id='word_1_144' title='bbox 1624 1476 1734 1506; x_wconf 87' lang='lat' dir='ltr'>con·—</span> 
     </span>
     <span class='ocr_line' id='line_1_18' title="bbox 362 1527 1733 1595; baseline -0.002 -17"><span class='ocrx_word' id='word_1_145' title='bbox 362 1550 414 1578; x_wconf 84' lang='lat' dir='ltr'>cu</span> <span class='ocrx_word' id='word_1_146' title='bbox 424 1531 640 1595; x_wconf 82' lang='lat' dir='ltr'>piscentiis</span> <span class='ocrx_word' id='word_1_147' title='bbox 662 1530 748 1576; x_wconf 91' lang='lat' dir='ltr'>suis</span> <span class='ocrx_word' id='word_1_148' title='bbox 766 1567 776 1585; x_wconf 88' lang='grc'><strong>,</strong></span> <span class='ocrx_word' id='word_1_149' title='bbox 803 1527 1033 1593; x_wconf 78' lang='lat' dir='ltr'>antequam</span> <span class='ocrx_word' id='word_1_150' title='bbox 1054 1530 1220 1575; x_wconf 81' lang='lat' dir='ltr'>veniret</span> <span class='ocrx_word' id='word_1_151' title='bbox 1251 1529 1472 1584; x_wconf 74' lang='lat' dir='ltr'>Christus,</span> <span class='ocrx_word' id='word_1_152' title='bbox 1498 1528 1572 1575; x_wconf 93' lang='lat' dir='ltr'>illo</span> <span class='ocrx_word' id='word_1_153' title='bbox 1607 1529 1733 1577; x_wconf 85' lang='lat' dir='ltr'>adve-</span> 
     </span>
     <span class='ocr_line' id='line_1_19' title="bbox 363 1598 1735 1664; baseline -0.003 -15"><span class='ocrx_word' id='word_1_154' title='bbox 363 1604 508 1649; x_wconf 77' lang='lat' dir='ltr'>niente.</span> <span class='ocrx_word' id='word_1_155' title='bbox 528 1598 696 1647; x_wconf 80' lang='lat' dir='ltr'>donatis</span> <span class='ocrx_word' id='word_1_156' title='bbox 714 1601 797 1646; x_wconf 85' lang='lat' dir='ltr'>sibi</span> <span class='ocrx_word' id='word_1_157' title='bbox 808 1600 997 1664; x_wconf 87' lang='lat' dir='ltr'>peccatis</span> <span class='ocrx_word' id='word_1_158' title='bbox 1018 1599 1195 1645; x_wconf 81' lang='lat' dir='ltr'>mundae</span> <span class='ocrx_word' id='word_1_159' title='bbox 1215 1610 1314 1645; x_wconf 89' lang='lat' dir='ltr'>sunt</span> <span class='ocrx_word' id='word_1_160' title='bbox 1329 1598 1470 1646; x_wconf 82' lang='lat' dir='ltr'>faetae.</span> <span class='ocrx_word' id='word_1_161' title='bbox 1500 1598 1625 1644; x_wconf 77' lang='lat' dir='ltr'>Unde</span> <span class='ocrx_word' id='word_1_162' title='bbox 1643 1603 1735 1659; x_wconf 86' lang='lat' dir='ltr'>jam</span> 
     </span>
     <span class='ocr_line' id='line_1_20' title="bbox 362 1668 1734 1738; baseline -0.001 -20"><span class='ocrx_word' id='word_1_163' title='bbox 362 1684 463 1738; x_wconf 83' lang='lat' dir='ltr'>post·</span> <span class='ocrx_word' id='word_1_164' title='bbox 487 1672 775 1718; x_wconf 85' lang='lat' dir='ltr'>remissionem</span> <span class='ocrx_word' id='word_1_165' title='bbox 795 1681 1076 1734; x_wconf 79' lang='lat' dir='ltr'>peccatorum</span> <span class='ocrx_word' id='word_1_166' title='bbox 1095 1706 1105 1726; x_wconf 83' lang='grc'><strong>,</strong></span> <span class='ocrx_word' id='word_1_167' title='bbox 1133 1686 1266 1733; x_wconf 83' lang='lat' dir='ltr'>quare</span> <span class='ocrx_word' id='word_1_168' title='bbox 1291 1686 1378 1715; x_wconf 90' lang='lat' dir='ltr'>non</span> <span class='ocrx_word' id='word_1_169' title='bbox 1401 1668 1670 1736; x_wconf 84' lang='lat' dir='ltr'>recipiantur</span> <span class='ocrx_word' id='word_1_170' title='bbox 1689 1670 1734 1716; x_wconf 84' lang='lat' dir='ltr'>in</span> 
     </span>
     <span class='ocr_line' id='line_1_21' title="bbox 363 1739 1736 1806; baseline -0.001 -18"><span class='ocrx_word' id='word_1_171' title='bbox 363 1759 523 1806; x_wconf 86' lang='lat' dir='ltr'>corpus</span> <span class='ocrx_word' id='word_1_172' title='bbox 543 1742 728 1797; x_wconf 76' lang='lat' dir='ltr'>Christi,</span> <span class='ocrx_word' id='word_1_173' title='bbox 761 1740 879 1804; x_wconf 81' lang='lat' dir='ltr'>quod</span> <span class='ocrx_word' id='word_1_174' title='bbox 911 1751 972 1785; x_wconf 86' lang='lat' dir='ltr'>est</span> <span class='ocrx_word' id='word_1_175' title='bbox 1000 1739 1191 1786; x_wconf 80' lang='lat' dir='ltr'>Ecclesia</span> <span class='ocrx_word' id='word_1_176' title='bbox 1216 1740 1324 1796; x_wconf 75' lang='lat' dir='ltr'>Dei,</span> <span class='ocrx_word' id='word_1_177' title='bbox 1353 1743 1476 1800; x_wconf 75' lang='lat' dir='ltr'>cujtls</span> <span class='ocrx_word' id='word_1_178' title='bbox 1507 1755 1736 1803; x_wconf 82' lang='lat' dir='ltr'>personam</span> 
     </span>
     <span class='ocr_line' id='line_1_22' title="bbox 363 1812 1581 1872; baseline -0.006 -13"><span class='ocrx_word' id='word_1_179' title='bbox 363 1813 517 1860; x_wconf 89' lang='lat' dir='ltr'>Petrus</span> <span class='ocrx_word' id='word_1_180' title='bbox 533 1812 725 1872; x_wconf 82' lang='lat' dir='ltr'>gestabat</span> <span class='ocrx_word' id='word_1_181' title='bbox 738 1813 757 1856; x_wconf 65' lang='lat' dir='ltr'>D</span> <span class='ocrx_word' id='word_1_182' title='bbox 1578 1832 1581 1833; x_wconf 25' lang='grc' dir='ltr'><em>ν</em></span> 
     </span>
    </p>

    <p class='ocr_par' dir='ltr' id='par_1_3' title="bbox 361 1879 1738 2646">
     <span class='ocr_line' id='line_1_23' title="bbox 429 1879 1738 1944; baseline -0.003 -14"><span class='ocrx_word' id='word_1_183' title='bbox 429 1884 528 1930; x_wconf 76' lang='lat' dir='ltr'>Vll.</span> <span class='ocrx_word' id='word_1_184' title='bbox 561 1884 714 1927; x_wconf 84' lang='lat' dir='ltr'>Petrus</span> <span class='ocrx_word' id='word_1_185' title='bbox 730 1881 845 1927; x_wconf 89' lang='lat' dir='ltr'>enim</span> <span class='ocrx_word' id='word_1_186' title='bbox 862 1881 907 1926; x_wconf 89' lang='lat' dir='ltr'>in</span> <span class='ocrx_word' id='word_1_187' title='bbox 927 1879 1074 1926; x_wconf 88' lang='lat' dir='ltr'>multis</span> <span class='ocrx_word' id='word_1_188' title='bbox 1091 1880 1196 1926; x_wconf 88' lang='lat' dir='ltr'>locis</span> <span class='ocrx_word' id='word_1_189' title='bbox 1215 1880 1539 1943; x_wconf 82' lang='lat' dir='ltr'>Scripturarum</span> <span class='ocrx_word' id='word_1_190' title='bbox 1556 1891 1738 1944; x_wconf 85' lang='lat' dir='ltr'>apparet</span> 
     </span>
     <span class='ocr_line' id='line_1_24' title="bbox 364 1950 1738 2017; baseline -0.001 -19"><span class='ocrx_word' id='word_1_191' title='bbox 364 1953 483 2017; x_wconf 81' lang='lat' dir='ltr'>quod</span> <span class='ocrx_word' id='word_1_192' title='bbox 505 1969 733 2017; x_wconf 81' lang='lat' dir='ltr'>personam</span> <span class='ocrx_word' id='word_1_193' title='bbox 755 1962 887 2011; x_wconf 81' lang='lat' dir='ltr'>gestet</span> <span class='ocrx_word' id='word_1_194' title='bbox 908 1950 1110 1997; x_wconf 71' lang='lat' dir='ltr'>Ecclesiae</span> <span class='ocrx_word' id='word_1_195' title='bbox 1129 1970 1140 2005; x_wconf 79' lang='lat'><em>3</em></span> <span class='ocrx_word' id='word_1_196' title='bbox 1167 1951 1348 1996; x_wconf 76' lang='lat' dir='ltr'>maxime</span> <span class='ocrx_word' id='word_1_197' title='bbox 1371 1950 1444 1996; x_wconf 91' lang='lat' dir='ltr'>illo</span> <span class='ocrx_word' id='word_1_198' title='bbox 1466 1951 1511 1996; x_wconf 90' lang='lat' dir='ltr'>in</span> <span class='ocrx_word' id='word_1_199' title='bbox 1537 1950 1632 1996; x_wconf 89' lang='grc'><strong>1060</strong></span> <span class='ocrx_word' id='word_1_200' title='bbox 1659 1950 1738 1997; x_wconf 84' lang='lat' dir='ltr'>ubi</span> 
     </span>
     <span class='ocr_line' id='line_1_25' title="bbox 363 2019 1737 2080; baseline -0.002 -11"><span class='ocrx_word' id='word_1_201' title='bbox 363 2025 531 2070; x_wconf 89' lang='lat' dir='ltr'>dictum</span> <span class='ocrx_word' id='word_1_202' title='bbox 556 2034 649 2068; x_wconf 88' lang='lat' dir='ltr'>est:</span> <span class='ocrx_word' id='word_1_203' title='bbox 679 2043 699 2063; x_wconf 75' lang='grc' dir='ltr'>α</span> <span class='ocrx_word' id='word_1_204' title='bbox 725 2022 827 2067; x_wconf 91' lang='lat' dir='ltr'>Tibi</span> <span class='ocrx_word' id='word_1_205' title='bbox 862 2021 987 2067; x_wconf 85' lang='lat' dir='ltr'>trado</span> <span class='ocrx_word' id='word_1_206' title='bbox 1016 2021 1155 2068; x_wconf 80' lang='lat' dir='ltr'>claves</span> <span class='ocrx_word' id='word_1_207' title='bbox 1190 2021 1308 2080; x_wconf 75' lang='lat' dir='ltr'>regni</span> <span class='ocrx_word' id='word_1_208' title='bbox 1336 2019 1562 2068; x_wconf 84' lang='lat' dir='ltr'>coelorum.</span> <span class='ocrx_word' id='word_1_209' title='bbox 1597 2021 1737 2076; x_wconf 77' lang='lat' dir='ltr'>Quae-</span> 
     </span>
     <span class='ocr_line' id='line_1_26' title="bbox 364 2083 1738 2157; baseline 0 -21"><span class='ocrx_word' id='word_1_210' title='bbox 364 2116 385 2136; x_wconf 75' lang='lat'><strong><em>»</em></strong></span> <span class='ocrx_word' id='word_1_211' title='bbox 405 2110 590 2157; x_wconf 85' lang='lat' dir='ltr'>cumque</span> <span class='ocrx_word' id='word_1_212' title='bbox 607 2092 805 2153; x_wconf 78' lang='lat' dir='ltr'>ligaveris</span> <span class='ocrx_word' id='word_1_213' title='bbox 830 2093 1032 2148; x_wconf 72' lang='lat' dir='ltr'>interra,</span> <span class='ocrx_word' id='word_1_214' title='bbox 1065 2102 1191 2138; x_wconf 86' lang='lat' dir='ltr'>erunt</span> <span class='ocrx_word' id='word_1_215' title='bbox 1222 2091 1352 2152; x_wconf 82' lang='lat' dir='ltr'>ligata</span> <span class='ocrx_word' id='word_1_216' title='bbox 1379 2102 1421 2137; x_wconf 84' lang='lat' dir='ltr'>et</span> <span class='ocrx_word' id='word_1_217' title='bbox 1454 2083 1499 2136; x_wconf 85' lang='lat' dir='ltr'>in</span> <span class='ocrx_word' id='word_1_218' title='bbox 1525 2088 1664 2145; x_wconf 86' lang='lat' dir='ltr'>coelo;</span> <span class='ocrx_word' id='word_1_219' title='bbox 1694 2102 1738 2137; x_wconf 87' lang='lat' dir='ltr'>ct</span> 
     </span>
     <span class='ocr_line' id='line_1_27' title="bbox 363 2159 1735 2229; baseline -0.003 -22"><span class='ocrx_word' id='word_1_220' title='bbox 363 2187 383 2207; x_wconf 68' lang='lat' dir='ltr'>n</span> <span class='ocrx_word' id='word_1_221' title='bbox 405 2180 693 2229; x_wconf 50' lang='lat' dir='ltr'>qnasseumque</span> <span class='ocrx_word' id='word_1_222' title='bbox 713 2163 884 2209; x_wconf 71' lang='lat' dir='ltr'>solveris</span> <span class='ocrx_word' id='word_1_223' title='bbox 901 2163 945 2209; x_wconf 92' lang='lat' dir='ltr'>in</span> <span class='ocrx_word' id='word_1_224' title='bbox 961 2173 1090 2219; x_wconf 76' lang='lat' dir='ltr'>terra,</span> <span class='ocrx_word' id='word_1_225' title='bbox 1111 2172 1235 2208; x_wconf 89' lang='lat' dir='ltr'>erunt</span> <span class='ocrx_word' id='word_1_226' title='bbox 1258 2161 1395 2208; x_wconf 86' lang='lat' dir='ltr'>soluta</span> <span class='ocrx_word' id='word_1_227' title='bbox 1411 2172 1452 2206; x_wconf 81' lang='lat' dir='ltr'>et</span> <span class='ocrx_word' id='word_1_228' title='bbox 1475 2161 1520 2207; x_wconf 90' lang='lat' dir='ltr'>in</span> <span class='ocrx_word' id='word_1_229' title='bbox 1540 2159 1689 2209; x_wconf 42' lang='lat' dir='ltr'>coelo&amp;</span> <span class='ocrx_word' id='word_1_230' title='bbox 1715 2182 1735 2204; x_wconf 88' lang='lat'>»</span> 
     </span>
     <span class='ocr_line' id='line_1_28' title="bbox 364 2231 1735 2298; baseline -0.002 -17"><span class='ocrx_word' id='word_1_231' title='bbox 364 2234 587 2298; x_wconf 76' lang='lat' dir='ltr'>Numquid</span> <span class='ocrx_word' id='word_1_232' title='bbox 604 2234 703 2279; x_wconf 86' lang='lat' dir='ltr'>istas</span> <span class='ocrx_word' id='word_1_233' title='bbox 723 2233 861 2280; x_wconf 79' lang='lat' dir='ltr'>claves</span> <span class='ocrx_word' id='word_1_234' title='bbox 887 2233 1041 2278; x_wconf 86' lang='lat' dir='ltr'>Petrus</span> <span class='ocrx_word' id='word_1_235' title='bbox 1063 2233 1231 2297; x_wconf 83' lang='lat' dir='ltr'>accepit</span> <span class='ocrx_word' id='word_1_236' title='bbox 1247 2270 1257 2288; x_wconf 88' lang='grc'><strong>,</strong></span> <span class='ocrx_word' id='word_1_237' title='bbox 1283 2242 1326 2277; x_wconf 75' lang='lat' dir='ltr'>et</span> <span class='ocrx_word' id='word_1_238' title='bbox 1354 2231 1516 2277; x_wconf 87' lang='lat' dir='ltr'>Paulus</span> <span class='ocrx_word' id='word_1_239' title='bbox 1538 2248 1626 2277; x_wconf 89' lang='lat' dir='ltr'>non</span> <span class='ocrx_word' id='word_1_240' title='bbox 1659 2247 1735 2278; x_wconf 85' lang='lat' dir='ltr'>ac-</span> 
     </span>
     <span class='ocr_line' id='line_1_29' title="bbox 361 2302 1730 2369; baseline -0.003 -17"><span class='ocrx_word' id='word_1_241' title='bbox 361 2306 502 2369; x_wconf 59' lang='lat' dir='ltr'>cepit?</span> <span class='ocrx_word' id='word_1_242' title='bbox 519 2306 672 2350; x_wconf 87' lang='lat' dir='ltr'>Petrus</span> <span class='ocrx_word' id='word_1_243' title='bbox 693 2304 885 2366; x_wconf 76' lang='lat' dir='ltr'>accepit,</span> <span class='ocrx_word' id='word_1_244' title='bbox 906 2314 947 2349; x_wconf 87' lang='lat' dir='ltr'>et</span> <span class='ocrx_word' id='word_1_245' title='bbox 965 2303 989 2347; x_wconf 90' lang='lat' dir='ltr'><strong>J</strong></span> <span class='ocrx_word' id='word_1_246' title='bbox 994 2319 1151 2348; x_wconf 80' lang='lat' dir='ltr'>oannes</span> <span class='ocrx_word' id='word_1_247' title='bbox 1167 2313 1208 2348; x_wconf 89' lang='lat' dir='ltr'>et</span> <span class='ocrx_word' id='word_1_248' title='bbox 1228 2303 1253 2347; x_wconf 84' lang='lat' dir='ltr'><strong>J</strong></span> <span class='ocrx_word' id='word_1_249' title='bbox 1258 2302 1421 2348; x_wconf 86' lang='lat' dir='ltr'>acobus</span> <span class='ocrx_word' id='word_1_250' title='bbox 1438 2319 1525 2349; x_wconf 91' lang='lat' dir='ltr'>non</span> <span class='ocrx_word' id='word_1_251' title='bbox 1545 2303 1730 2366; x_wconf 80' lang='lat' dir='ltr'>accepit,</span> 
     </span>
     <span class='ocr_line' id='line_1_30' title="bbox 365 2372 1731 2437; baseline 0.001 -15"><span class='ocrx_word' id='word_1_252' title='bbox 365 2387 406 2422; x_wconf 73' lang='lat' dir='ltr'>et</span> <span class='ocrx_word' id='word_1_253' title='bbox 429 2375 574 2420; x_wconf 72' lang='lat' dir='ltr'>caeteri</span> <span class='ocrx_word' id='word_1_254' title='bbox 596 2373 819 2437; x_wconf 63' lang='lat' dir='ltr'>Apostoli?</span> <span class='ocrx_word' id='word_1_255' title='bbox 839 2373 926 2418; x_wconf 84' lang='lat' dir='ltr'>Aut</span> <span class='ocrx_word' id='word_1_256' title='bbox 949 2389 1037 2418; x_wconf 90' lang='lat' dir='ltr'>non</span> <span class='ocrx_word' id='word_1_257' title='bbox 1060 2383 1159 2418; x_wconf 84' lang='lat' dir='ltr'>sunt</span> <span class='ocrx_word' id='word_1_258' title='bbox 1182 2373 1274 2418; x_wconf 77' lang='lat' dir='ltr'>ista:</span> <span class='ocrx_word' id='word_1_259' title='bbox 1296 2374 1342 2419; x_wconf 90' lang='lat' dir='ltr'>in</span> <span class='ocrx_word' id='word_1_260' title='bbox 1361 2372 1550 2419; x_wconf 85' lang='lat' dir='ltr'>Ecclesia</span> <span class='ocrx_word' id='word_1_261' title='bbox 1575 2375 1731 2433; x_wconf 82' lang='lat' dir='ltr'>claves,</span> 
     </span>
     <span class='ocr_line' id='line_1_31' title="bbox 364 2442 1735 2508; baseline 0.001 -18"><span class='ocrx_word' id='word_1_262' title='bbox 364 2445 441 2491; x_wconf 85' lang='grc'><strong>11111</strong></span> <span class='ocrx_word' id='word_1_263' title='bbox 466 2455 646 2508; x_wconf 74' lang='lat' dir='ltr'>peccata</span> <span class='ocrx_word' id='word_1_264' title='bbox 669 2442 864 2508; x_wconf 79' lang='lat' dir='ltr'>quotidie</span> <span class='ocrx_word' id='word_1_265' title='bbox 887 2443 1196 2489; x_wconf 58' lang='lat' dir='ltr'>dimittuntur?</span> <span class='ocrx_word' id='word_1_266' title='bbox 1223 2443 1307 2488; x_wconf 87' lang='lat' dir='ltr'>Sed</span> <span class='ocrx_word' id='word_1_267' title='bbox 1337 2443 1543 2506; x_wconf 83' lang='lat' dir='ltr'>quoniam</span> <span class='ocrx_word' id='word_1_268' title='bbox 1566 2446 1611 2491; x_wconf 92' lang='lat' dir='ltr'>in</span> <span class='ocrx_word' id='word_1_269' title='bbox 1646 2446 1735 2506; x_wconf 83' lang='lat' dir='ltr'>sig-</span> 
     </span>
     <span class='ocr_line' id='line_1_32' title="bbox 362 2513 1734 2579; baseline 0.001 -18"><span class='ocrx_word' id='word_1_270' title='bbox 362 2514 610 2561; x_wconf 80' lang='lat' dir='ltr'>nificatione</span> <span class='ocrx_word' id='word_1_271' title='bbox 647 2530 873 2578; x_wconf 82' lang='lat' dir='ltr'>personam</span> <span class='ocrx_word' id='word_1_272' title='bbox 916 2514 1069 2558; x_wconf 87' lang='lat' dir='ltr'>Petrus</span> <span class='ocrx_word' id='word_1_273' title='bbox 1104 2513 1297 2574; x_wconf 83' lang='lat' dir='ltr'>gestabat</span> <span class='ocrx_word' id='word_1_274' title='bbox 1334 2513 1540 2561; x_wconf 63' lang='lat' dir='ltr'>Ecclesiae</span> <span class='ocrx_word' id='word_1_275' title='bbox 1564 2553 1575 2572; x_wconf 83' lang='lat'>‚</span> <span class='ocrx_word' id='word_1_276' title='bbox 1615 2516 1734 2579; x_wconf 87' lang='lat' dir='ltr'>quod</span> 
     </span>
     <span class='ocr_line' id='line_1_33' title="bbox 362 2583 1732 2646; baseline 0 -13"><span class='ocrx_word' id='word_1_277' title='bbox 362 2585 521 2633; x_wconf 84' lang='lat' dir='ltr'>illium</span> <span class='ocrx_word' id='word_1_278' title='bbox 547 2584 697 2630; x_wconf 81' lang='lat' dir='ltr'>datum</span> <span class='ocrx_word' id='word_1_279' title='bbox 719 2594 806 2641; x_wconf 74' lang='lat' dir='ltr'>est,</span> <span class='ocrx_word' id='word_1_280' title='bbox 837 2583 1041 2630; x_wconf 63' lang='lat' dir='ltr'>Ecclesiae</span> <span class='ocrx_word' id='word_1_281' title='bbox 1063 2583 1215 2632; x_wconf 84' lang='lat' dir='ltr'>datum</span> <span class='ocrx_word' id='word_1_282' title='bbox 1251 2594 1325 2632; x_wconf 88' lang='lat' dir='ltr'>est.</span> <span class='ocrx_word' id='word_1_283' title='bbox 1360 2584 1473 2646; x_wconf 82' lang='lat' dir='ltr'>Ergo</span> <span class='ocrx_word' id='word_1_284' title='bbox 1497 2585 1650 2634; x_wconf 86' lang='lat' dir='ltr'>Petrus</span> <span class='ocrx_word' id='word_1_285' title='bbox 1674 2585 1732 2633; x_wconf 82' lang='lat' dir='ltr'>fi-</span> 
     </span>
    </p>
   </div>
   <div class='ocr_carea' id='block_1_2' title="bbox 410 2671 1059 2719">
    <p class='ocr_par' dir='ltr' id='par_1_4' title="bbox 410 2671 1059 2719">
     <span class='ocr_line' id='line_1_34' title="bbox 410 2671 1059 2719; baseline 0 -15"><span class='ocrx_word' id='word_1_286' title='bbox 410 2676 422 2719; x_wconf 51' lang='lat'>}</span> <span class='ocrx_word' id='word_1_287' title='bbox 442 2672 556 2706; x_wconf 73' lang='lat' dir='ltr'>Manli.</span> <span class='ocrx_word' id='word_1_288' title='bbox 576 2683 661 2709; x_wconf 63' lang='lat' dir='ltr'>xxiv,</span> <span class='ocrx_word' id='word_1_289' title='bbox 686 2675 738 2706; x_wconf 70' lang='lat'>31.</span> <span class='ocrx_word' id='word_1_290' title='bbox 758 2689 801 2698; x_wconf 78' lang='lat'>-</span> <span class='ocrx_word' id='word_1_291' title='bbox 817 2671 832 2696; x_wconf 81' lang='lat'>2</span> <span class='ocrx_word' id='word_1_292' title='bbox 853 2671 899 2705; x_wconf 79' lang='lat' dir='ltr'>[d.</span> <span class='ocrx_word' id='word_1_293' title='bbox 923 2682 986 2711; x_wconf 66' lang='grc' dir='ltr'>ΧΠ,</span> <span class='ocrx_word' id='word_1_294' title='bbox 1010 2682 1059 2713; x_wconf 80' lang='grc'>19.</span> 
     </span>
    </p>
   </div>
   <div class='ocr_carea' id='block_1_3' title="bbox 1830 26 1838 1265">
    <p class='ocr_par' dir='ltr' id='par_1_5' title="bbox 1830 26 1838 1265">
     <span class='ocr_line' id='line_1_35' title="bbox 1830 26 1838 1265; baseline 0 0"><span class='ocrx_word' id='word_1_295' title='bbox 1830 26 1838 1265; x_wconf 95' lang='lat' dir='ltr'> </span> 
     </span>
    </p>
   </div>
  </div>
 </body>
</html>
