1866 3241
371 359 465 414 428
794 375 830 405 s.
871 372 1116 405 AUGUSTINI
1150 373 1356 405 EPIScoPI

370 439 468 495 eris,
498 439 573 503 qui
600 439 786 485 habebis
802 440 854 486 de
868 439 1084 486 calumnia
1094 439 1354 503 pecuniam?
1375 439 1453 487 Ille
1470 441 1547 505 qui
1567 455 1749 509 propter

369 508 594 554 vitandam
615 509 875 555 calumniam
893 520 1063 573 tempus
1078 526 1100 554 a
1119 519 1159 554 te
1179 509 1370 566 redimit,
1390 510 1465 556 hic
1482 512 1637 559 tolerat
1655 513 1746 560 dies

368 578 503 623 malos
534 595 545 623 t
574 589 620 623 tu
635 589 779 624 autem
804 579 881 642 qui
900 579 952 624 de
978 578 1207 624 calumniis
1233 579 1440 642 pasceris,
1462 580 1537 627 hic
1560 582 1746 629 habebis

369 647 459 693 dies
483 648 640 705 malos,
665 660 706 694 et
722 660 820 713 post
835 649 938 695 istos
960 649 1195 694 habiturus
1220 667 1263 694 es
1282 649 1328 695 in
1351 649 1421 696 die
1437 650 1595 710 judicii
1617 656 1744 716 pejo-

368 735 447 765 res,
489 718 574 764 Sed
601 719 687 764 hoc
720 720 829 765 forte
858 720 994 776 rides,
1036 719 1137 783 quia
1164 721 1394 783 pecuniam
1425 721 1556 785 rapis.
1598 723 1740 780 Ride‚

366 789 476 845 ride,
499 800 540 835 et
559 801 785 836 contemne
809 809 820 836 t
848 808 924 851 ego
950 808 1137 850 erogem,
1157 792 1298 838 veniet
1321 791 1399 854 qui
1420 792 1570 852 exigat.

369 987 428 999 m
433 987 648 999 §mmmm
652 988 892 999 Quwxswm
896 989 954 999 ww
958 988 1260 1000 mmusmwn
1264 989 1730 1003 sus-§mmmmmm

794 1128 999 1174 SERMO
1036 1128 1263 1176 CLXVIII
1279 1128 1312 1176 1.

366 1290 431 1335 De
455 1288 599 1335 verbis
621 1289 835 1353 Apostoli,
866 1289 1027 1353 Ephes.
1059 1307 1120 1336 vr.
1158 1289 1535 1348 Paxfralribus,
1559 1299 1605 1333 et
1628 1288 1742 1333 elza-

430 1363 544 1404 ritas
577 1376 684 1404 cum
708 1360 826 1419 fide.
854 1359 952 1405 Sive
980 1359 1033 1405 de
1057 1360 1193 1419 gratia
1218 1359 1327 1415 Dei,
1355 1358 1593 1404 secundum
1620 1356 1742 1403 Vasis

432 1427 651 1474 electionis
669 1428 977 1475 confessionem
989 1440 1116 1493 atque
1134 1429 1395 1485 doctrinam,
1416 1428 1624 1492 quoniam
1636 1427 1742 1473 fides

432 1497 738 1544 misericordiae
764 1499 844 1544 Dei
867 1499 1033 1545 donum
1054 1510 1130 1546 est.

432 1674 467 1719 I.
498 1673 830 1726 Lucrmnmus,
860 1671 1061 1726 canticis,
1093 1669 1447 1732 sermonibusque
1481 1669 1667 1727 divinis,
1700 1682 1742 1716 et

367 1742 486 1805 quod
508 1752 570 1786 est
595 1741 872 1804 praecipuum
891 1776 901 1794 ‚
930 1739 1065 1798 gratia
1100 1756 1176 1784 sua
1211 1738 1399 1784 aedificet
1422 1739 1635 1785 Dominus
1668 1757 1743 1785 cor

371 1821 590 1863 vestrum3
619 1820 666 1854 ut
691 1808 811 1872 quod
833 1825 983 1853 verum
1008 1808 1166 1853 auditis
1184 1845 1195 1863 ,
1221 1825 1309 1852 non
1335 1807 1519 1853 audiatis
1539 1808 1593 1853 ad
1617 1808 1743 1867 judi-

368 1881 504 1937 cium,
532 1880 605 1925 scd
637 1880 692 1924 ad
717 1879 963 1942 praemium.
995 1878 1141 1923 Faciet
1158 1878 1244 1922 hoc
1262 1914 1272 1933 ‚
1300 1878 1507 1940 quoniam
1537 1878 1613 1940 qui
1631 1895 1741 1941 pro-

366 1952 506 2007 misit,
533 1961 686 2014 potens
710 1960 771 1994 cst
805 1960 848 1994 ct
869 1949 1022 1995 facere.
1056 1949 1123 1993 Ita
1147 1947 1333 1994 credidit
1363 1947 1610 2005 Abraham,
1633 1949 1741 1994 dans

368 2020 548 2080 gloriam
571 2021 662 2064 Deo
681 2056 691 2075 ,
720 2018 837 2063 nude
862 2029 904 2062 ct
920 2018 1164 2081 plenissime
1181 2017 1357 2063 credens
1371 2054 1382 2074 ,
1412 2018 1619 2080 quoniam
1642 2035 1740 2081 quae

366 2089 567 2154 promisit
576 2099 729 2152 potens
745 2099 806 2133 est
816 2099 857 2133 et
867 2088 1006 2133 facere
1019 2089 1052 2134 2.
1072 2090 1281 2148 Magnum
1297 2098 1492 2132 nostrum
1511 2088 1736 2147 gaudium,

367 2177 444 2206 nos
486 2159 686 2222 promisit
734 2158 926 2204 Abrahae
958 2176 968 2202 ε
995 2175 1072 2203 nos
1115 2158 1409 2221 promissionis
1448 2157 1526 2202 filii
1573 2175 1732 2205 sumus.

367 2228 556 2286 Quando
585 2228 701 2273 enim
727 2227 895 2273 dictum
919 2238 980 2272 cst
1006 2227 1198 2273 Abrahae
1228 2245 1238 2271 :
1267 2248 1287 2267 c<
1311 2228 1362 2271 In
1386 2227 1543 2272 semine
1562 2238 1638 2272 tuo
1656 2228 1739 2272 be-

364 2321 385 2342 »
407 2298 662 2344 nedicentur
687 2314 833 2343 omnes
857 2308 1025 2357 gentes,
1046 2318 1066 2337 ›>
1093 2314 1169 2342 nos
1193 2296 1392 2357 promissi
1425 2309 1584 2340 sumuS.
1623 2295 1737 2354 Ergo
1793 2349 1796 2352 Ι

361 2370 451 2431 ipse
475 2385 551 2413 nos
578 2367 680 2413 fecit
714 2367 824 2412 filios
847 2367 951 2410 fidei
979 2366 1171 2410 Abrahae
1188 2400 1199 2420 ,
1230 2363 1306 2425 qui
1330 2373 1485 2425 potens
1513 2373 1574 2408 est
1598 2363 1737 2409 facere
1792 2394 1794 2400 ,

363 2436 482 2499 quod
504 2435 716 2499 promisit.
754 2435 891 2480 Nemo
914 2433 1031 2478 dicat
1059 2450 1068 2476 :
1102 2433 1192 2491 Ego
1224 2431 1320 2478 feci.
1348 2431 1447 2476 Non
1475 2431 1589 2476 enim
1626 2450 1737 2495 pro-

363 2505 500 2551 mittit
518 2505 651 2561 Deus,
676 2514 719 2548 et
740 2502 845 2548 facis
864 2513 923 2548 tu.
948 2505 1094 2546 Potest
1110 2512 1252 2546 autem
1267 2510 1380 2546 recte
1401 2499 1507 2557 dici,
1523 2500 1625 2563 quia
1636 2518 1736 2564 quae

364 2573 581 2639 promittis
594 2584 660 2630 tu,
685 2572 791 2619 facit
812 2573 940 2619 Deus,
974 2572 1043 2618 Tu
1064 2571 1180 2618 enim
1196 2570 1393 2617 infirmus
1418 2586 1482 2627 es,
1510 2581 1560 2617 tu
1587 2571 1734 2617 omni-
1791 2586 1794 2638 ς

411 2678 422 2701 ¹
437 2675 525 2710 Alias
537 2687 618 2722 xvu,
635 2687 675 2709 ex
690 2676 838 2710 Hominis
854 2677 953 2712 5o.—
965 2674 981 2699 ²
994 2679 1089 2710 Rom.
1102 2674 1219 2722 zv,'¹20.
1235 2675 1342 2710 Galat.
1360 2685 1401 2716 ιν,
1416 2675 1471 2710 28.
1485 2676 1569 2709 Gen.
1578 2685 1663 2716 xxu,
1677 2677 1731 2709 18.
1791 2666 1793 2686 ¹¹
