1866 3241
364 301 452 359 504
784 322 817 351 5.
863 320 1101 351 AIJGUSTINI
1138 322 1338 352 EPISCOPI

367 383 580 429 divitibus
599 383 712 430 dieta
729 397 840 433 sunt.
865 387 961 432 Hoc
980 387 1092 432 enim
1107 387 1225 450 quod
1242 388 1310 433 his
1327 387 1554 434 dicebatur
1572 385 1732 442 verbis,

371 475 391 495 «
413 454 532 500 *Nihil
556 455 780 502 intulimus
804 457 849 504 in
872 459 993 504 hunc
1014 458 1245 513 mundum,
1273 457 1345 504 sed
1368 475 1446 504 nec
1468 458 1631 504 auferre
1655 457 1736 503 ali-

373 546 394 567 »
412 526 520 590 quid
550 545 776 590 possumus
796 547 806 574 z
826 529 989 575 victum
1017 540 1058 574 et
1088 539 1381 588 tegumentum
1411 529 1638 583 habentes,
1671 528 1741 573 his

371 619 394 640 »
414 600 605 644 contenti
634 600 778 647 simus.
820 601 927 647 Nam
959 601 1033 663 qui
1062 601 1215 646 volunt
1240 600 1393 646 divites
1421 600 1513 645 fiori
1542 599 1742 645 incidunt

373 689 395 711 2>
412 669 457 715 in
479 671 775 727 tentationem,
799 681 877 716 »et
898 682 1067 718 caetera.
1095 692 1113 711 «
1137 672 1224 727 Qui
1250 671 1419 726 volunt,
1448 670 1608 733 inquit,
1634 669 1743 715 divi-

373 760 394 781 »
414 750 474 784 tes
487 740 605 793 fieri3
629 761 650 781 >2
670 751 875 804 tanquam
895 741 949 786 ad
968 758 1179 805 pauperes
1195 740 1466 788 dicebantur.
1488 741 1528 786 H
1534 757 1598 786 aec
1614 739 1745 786 verba

375 809 573 872 Apostoli
594 827 829 873 pauperem
854 822 894 856 te
918 811 1205 858 invenerunt?
1233 811 1314 856 Dic
1340 810 1430 867 illa,
1457 821 1498 856 et
1522 810 1638 856 dives
1667 827 1709 855 es
1732 827 1742 854 ι

376 879 449 926 dic
471 880 515 925 in
532 880 662 926 corde
680 898 726 926 ex
747 881 876 927 corde
894 900 903 926 ε
923 881 1045 927 Nihil
1065 882 1188 928 intuli
1211 880 1256 928 in
1279 882 1400 928 hunc
1420 880 1651 937 mundum,
1675 879 1748 925 sed

377 966 457 995 nec
501 950 664 995 auferre
712 951 875 1015 aliquid
916 969 1123 1015 possum3
1162 952 1328 998 victum
1369 962 1409 996 et
1453 961 1750 1011 tegumentum

377 1020 563 1076 habens,
593 1021 662 1066 his
685 1033 914 1068 contentus
942 1041 1049 1070 sum.
1088 1024 1120 1067 ‘N
1131 1041 1198 1068 am
1230 1023 1263 1069 si
1292 1023 1467 1068 voluero
1497 1022 1615 1068 dives
1637 1021 1748 1077 fieri,

379 1090 569 1136 incidam
590 1091 635 1136 in
663 1094 941 1139 tentationem
971 1105 1012 1138 et
1036 1095 1254 1157 laqueum.
1283 1094 1382 1150 Dic,
1407 1105 1447 1138 et
1474 1093 1655 1139 consiste
1676 1091 1754 1137 ubi

381 1162 583 1207 inventus
615 1180 669 1209 es.
712 1163 812 1209 Noli
838 1175 879 1210 te
902 1164 1083 1210 inserere
1113 1164 1337 1209 doloribus
1363 1163 1535 1216 multis;
1567 1180 1621 1208 ne
1655 1179 1755 1208 cum

384 1232 569 1279 volueris
593 1244 633 1278 te
660 1252 824 1291 exuere,
851 1235 1036 1282 lanieris.
1069 1235 1153 1280 Sed
1185 1235 1304 1280 dives
1325 1235 1524 1280 inventus
1548 1236 1619 1278 es?
1647 1232 1758 1278 Sunt

386 1304 429 1348 et
458 1302 537 1348 alia
565 1304 721 1359 verba,r
753 1322 851 1367 quae
874 1305 1101 1350 recitemus
1119 1323 1128 1349 ε
1146 1322 1233 1350 11011
1262 1305 1469 1350 existimet
1499 1303 1552 1349 ad
1577 1320 1618 1348 50
1646 1301 1759 1347 nihil

387 1373 556 1419 dictum
589 1375 665 1436 qui
697 1374 814 1420 dives
839 1375 1037 1420 inventus
1067 1386 1142 1422 est.
1184 1374 1337 1420 Eidem
1372 1373 1604 1419 Timotheo
1633 1371 1757 1427 dicit,

387 1443 527 1489 eidem
554 1445 785 1507 Apostolus
807 1446 937 1503 dicit,
968 1446 1039 1491 sed
1063 1445 1248 1510 pauperi
1274 1445 1382 1490 dicit
1407 1444 1637 1490 Timotheo
1657 1459 1667 1486 z
1688 1442 1723 1484 T
1728 1441 1762 1485 i-

390 1515 591 1561 motheus
618 1517 731 1561 enim
755 1533 924 1580 pauper
947 1528 1055 1573 erat,
1083 1517 1196 1562 sicut
1223 1516 1397 1562 Paulus.
1426 1515 1544 1572 Quid
1562 1530 1660 1572 ergo
1683 1514 1716 1556 T
1722 1511 1762 1557 i-

391 1586 569 1632 motheo
592 1586 645 1632 de
669 1587 755 1633 hoc
780 1587 975 1633 dicturus
1001 1599 1080 1642 est,
1112 1587 1279 1632 homini
1298 1587 1499 1649 pauperi,
1521 1584 1639 1648 quod
1658 1600 1763 1647 per-

391 1656 589 1701 tineatad
600 1673 669 1702 eos
680 1659 755 1719 qui
772 1658 936 1703 inventi
947 1668 1046 1702 sunt
1057 1657 1240 1702 divites?
1259 1657 1358 1701 audi
1374 1656 1479 1719 quid
1493 1673 1502 1700 :
1516 1677 1534 1696 κ
1548 1654 1762 1717 praecipe,

392 1746 413 1768 »
432 1727 592 1789 inquit,
623 1726 832 1772 divitibus
860 1727 993 1787 hujus
1022 1726 1201 1772 mundi‘l
1224 1745 1234 1772 ε
1254 1727 1392 1789 »quia
1415 1737 1515 1772 sunt
1546 1737 1587 1770 et
1615 1725 1766 1771 divites

396 1796 476 1841 Dei
495 1816 506 1849 ;
535 1807 578 1841 et
602 1796 690 1842 veri
710 1796 863 1843 divites
887 1815 975 1843 non
995 1808 1094 1843 sunt
1118 1797 1197 1842 nisi
1219 1796 1373 1842 divites
1395 1797 1490 1852 Dei.
1519 1795 1657 1859 qualis
1679 1805 1768 1839 erat

398 1865 490 1928 ipse
526 1865 687 1911 Paulus
703 1904 713 1916 ,
740 1867 817 1929 qui
851 1868 939 1912 ait:
964 1889 982 1908 «
1004 1868 1094 1926 Ego
1115 1867 1229 1912 enim
1258 1867 1392 1912 didici
1417 1867 1462 1912 in
1485 1866 1645 1930 quibus
1676 1881 1769 1910 sum

399 1956 421 1978 2>
441 1935 654 1980 sufficiens
670 1936 800 1982 esse2.
824 1958 844 1977 >³
863 1938 1004 1982 Avaro
1021 1947 1163 1982 autem
1175 1954 1262 1982 non
1274 1936 1444 1983 suffieit.
1468 1938 1599 1996 Ergo,
1617 1957 1636 1976 α
1655 1936 1773 1980 Prae-

404 2027 425 2047 υ
447 2005 561 2067 cipe,
586 2005 745 2068 inquit„
771 2005 979 2052 divitibus
996 2006 1312 2067 hujusmundi.
1341 2029 1361 2048 ))
1383 2006 1502 2062 Quid
1520 2006 1578 2051 eis
1602 2005 1772 2050 dicam?

401 2074 543 2121 Nolite
569 2075 675 2121 velle
706 2093 792 2122 esse
818 2076 997 2123 divites?
1031 2077 1129 2122 Jam
1153 2076 1306 2123 divites
1330 2077 1492 2123 inventi
1524 2086 1623 2121 sunt
1653 2092 1663 2120 z
1693 2091 1774 2120 au-

406 2145 530 2191 (liant
557 2145 675 2208 quod
700 2146 755 2192 ad
779 2164 848 2192 eos
877 2147 1044 2193 dictum
1067 2157 1145 2196 est„
1183 2147 1261 2192 ubi
1284 2158 1417 2210 caput
1441 2156 1519 2199 est,
1541 2168 1560 2187 <‹
1582 2147 1681 2191 Non
1709 2162 1776 2190 su-

407 2215 584 2279 »perbe
607 2233 767 2279 sapere.
804 2238 823 2258 υ
858 2217 1017 2262 Adhuc
1053 2217 1271 2262 habentur
1306 2217 1472 2262 divitia-3
1506 2215 1777 2277 multumque

410 2295 622 2332 amantur.
664 2286 802 2332 Nidus
838 2286 1055 2347 colligitur
1088 2287 1326 2350 supet-him,
1368 2287 1445 2332 ubi
1484 2287 1700 2330 nutriatur
1738 2295 1779 2330 et

411 2366 601 2409 cresca't3
635 2356 754 2418 quod
783 2362 905 2419 pejus
929 2369 1018 2413 est,
1046 2374 1133 2402 non
1166 2356 1304 2411 volet,
1341 2356 1413 2401 sed
1444 2366 1626 2401 maneat.
1667 2355 1779 2414 Ergo

414 2436 511 2471 ante.
529 2425 690 2481 omnia,
711 2447 731 2466 c<
751 2427 849 2471 Non
866 2426 1050 2489 superbe
1071 2443 1230 2489 sapere.
1258 2447 1277 2466 »
1299 2426 1354 2469 Ut
1371 2424 1598 2483 intelligat,
1622 2424 1776 2486 sapiat,

414 2494 574 2553 cogitet
599 2511 639 2538 se
663 2495 904 2551 mortalem,
934 2506 975 2539 et
1002 2495 1198 2541 mortales
1217 2511 1427 2558 pauperes
1450 2501 1585 2558 pares.
1619 2493 1782 2539 Ambos

415 2563 530 2609 enim
557 2574 666 2608 terra
698 2564 834 2609 nudos
857 2565 1046 2628 excepit,
1076 2566 1226 2611 ambos
1249 2576 1443 2629 expectat
1465 2582 1601 2621 mors,
1633 2562 1782 2608 ambos

468 2652 477 2674 ¹
504 2663 514 2682 1
538 2651 620 2683 Tim*
639 2662 681 2691 vx,
706 2664 754 2692 ¹7·
778 2670 822 2675 *-
839 2652 853 2673 ¹2
874 2653 990 2695 Philip.
1015 2664 1054 2692 μ’,
1079 2664 1129 2686 11.
