1866 3241
0 303 11 361 ἰῙ
180 306 323 341 SERMO
359 309 537 350 cxxvnr,
575 308 630 339 DE
665 307 824 338 VERBIS
859 306 1023 338 EVANG.
1066 306 1194 339 JoAN.
1235 307 1277 339 v.
1362 307 1424 358 99

0 379 3 429 ἰ
50 372 122 433 tis,
147 375 325 427 audiant
342 392 492 422 vocem
515 378 622 434 eJUS,
643 384 685 438 et
705 372 933 437 prodeant.
964 372 1063 417 Non
1087 374 1200 417 enim
1218 374 1318 435 quia
1343 392 1424 420 au-

0 440 4 511 }
51 433 116 494 dis
145 436 186 491 et
216 445 384 509 prodis,
406 449 499 506 jam
528 444 713 506 gaudere
738 443 869 489 debes
896 461 906 487 ι
932 442 1035 488 audi
1059 440 1178 505 quod
1202 445 1420 506 sequitur:

1 534 3 537 ’
51 537 72 560 «
93 516 184 574 Qui
204 517 322 563 bona
342 527 538 577 egerunt,
576 516 622 562 in
653 514 1009 561 resurrectionem
1024 514 1127 559 vitae
1151 531 1162 558 ε
1184 515 1261 577 qui
1281 526 1425 561 autem

4 619 5 622 ,
51 608 73 630 »
88 585 202 633 mala
217 597 412 646 egerunt,
435 588 482 633 in
499 586 859 633 resurrectionem
872 581 1076 646 judicii1.
1099 606 1120 627 »
1140 584 1346 632 Conversi
1371 585 1426 631 ad

0 660 1 702 J
51 647 308 720 Dominum,
328 667 411 704 etc.

45 825 338 838 ..sumnum
345 826 466 838 §.v-sm
472 827 960 839 ννὺΜΜΜΜνιν-Λνιιν
966 829 1204 840 νιῆιῆιιΛῶὶΜ
1211 830 1363 841 numu
1369 831 1427 842 νῦν

475 941 679 990 SERMO
718 943 952 990 CXXVIII
969 944 1002 991 2.

50 1086 114 1146 De
133 1084 275 1132 verbis
291 1085 513 1145 Evangelii
545 1086 671 1132 Joan.
695 1103 736 1132 v.
765 1090 817 1132 Sc·
838 1104 924 1149 ego
961 1092 1285 1136 testimonium
1316 1109 1428 1154 per·

111 1156 253 1202 lzibeo
278 1156 338 1200 cle
373 1174 473 1201 me.
502 1168 584 1202 etc.
616 1156 757 1219 deque
781 1158 925 1202 verbis
945 1158 1171 1221 Apostoli,
1207 1160 1350 1208 Galat.
1377 1179 1419 1209 v,

110 1228 288 1287 Spiritu
308 1226 569 1283 ambulate,
593 1238 637 1271 et
654 1232 1059 1290 concupiscentias
1075 1235 1233 1275 Carnis
1251 1247 1429 1294 neper-

95 1293 325 1353 ⁸fiecerc'cc's.
358 1300 478 1342 Caro
504 1301 630 1342 enim
654 1300 970 1359 concupis-cit,
999 1310 1083 1341 etc.

104 1446 140 1492 Ι.
168 1444 424 1490 Aunileus
462 1443 596 1489 verba
630 1442 768 1488 sancti
791 1443 1014 1503 Evangelii
1038 1481 1049 1501 ,
1082 1455 1125 1490 et
1163 1446 1250 1492 hoc
1278 1460 1422 1511 potest

46 1514 234 1577 aliquem
266 1529 516 1577 permovere
531 1549 542 1569 ‚
580 1511 700 1575 quod
731 1511 790 1557 ait
822 1512 1038 1559 Dominus
1059 1514 1183 1561 Jesus
1208 1534 1218 1561 ε
1242 1538 1262 1558 «
1277 1518 1324 1564 Si
1348 1538 1426 1581 ego

46 1606 67 1627 »
88 1585 380 1630 testimonium
412 1583 626 1646 perhibeo
650 1582 704 1628 de
727 1598 797 1627 me
812 1619 823 1639 ‚
851 1584 1147 1631 testimonium
1167 1604 1313 1633 meum
1338 1607 1428 1638 non

44 1675 65 1697 »
84 1665 146 1701 est
170 1672 321 1701 verum
333 1654 366 1701 3.
391 1675 411 1696 ›>
440 1652 673 1709 Quomodo
694 1669 795 1713 ergo
830 1669 919 1700 non
947 1665 1010 1699 est
1043 1671 1196 1702 verum
1226 1659 1426 1707 testimo-

43 1725 165 1772 nium
183 1724 402 1771 veritatis?
431 1723 584 1768 Nonne
601 1723 693 1786 ipse
712 1733 776 1772 est
796 1724 874 1786 qui
893 1723 1000 1770 dixit
1019 1743 1030 1770 ε
1058 1727 1185 1786 «Ego
1210 1744 1307 1774 sum
1329 1731 1418 1788 via,

43 1817 66 1838 »
82 1806 125 1841 et
148 1795 321 1851 veritas,
352 1805 394 1840 et
410 1793 553 1840 vitae?
572 1815 593 1835 »
612 1793 696 1838 Cui
710 1810 809 1853 ergo
825 1794 1095 1842 credendum
1109 1808 1189 1854 est,
1206 1799 1241 1843 si
1251 1800 1425 1849 veritati

40 1883 128 1913 non
153 1876 216 1911 est
239 1864 534 1912 credendum?
567 1863 768 1910 Profecto
785 1865 901 1910 enim
921 1883 1009 1911 non
1031 1866 1128 1912 vult
1143 1868 1316 1915 credere
1339 1872 1423 1918 nisi

39 1935 233 1992 falsitati,
261 1935 338 1998 qui
353 1951 441 1980 non
465 1933 584 1993 eligit
604 1934 776 1980 credere
809 1935 998 1983 veritati.
1023 1937 1203 1983 Dictum
1236 1950 1298 1985 est
1320 1958 1421 2003 ergo

39 2005 127 2052 hoc
162 2004 404 2051 secundum
424 2004 569 2067 ipSOS‚
603 2012 654 2048 ut
675 2003 737 2049 sic
759 2004 997 2064 intelh'gas‚
1033 2017 1077 2052 et
1103 2025 1151 2054 ex
1177 2008 1247 2055 his
1274 2012 1420 2059 verbis

38 2075 161 2123 hunc
183 2092 353 2122 sensum
381 2073 616 2137 concipias.
646 2093 667 2114 c<
688 2072 735 2118 Si
765 2090 843 2134 ego
874 2076 1170 2124 testimonium
1201 2080 1416 2142 perhibeo

39 2167 61 2189 »
78 2145 134 2192 de
154 2162 241 2203 me,
269 2143 565 2191 testimonium
586 2159 732 2188 meum
755 2160 844 2189 non
867 2155 930 2190 est
952 2161 1122 2204 verum,
1140 2169 1162 2190 »
1183 2149 1231 2195 id
1254 2161 1333 2208 est,
1360 2154 1415 2199 si-

38 2227 113 2264 cut
133 2216 311 2281 putatis.
339 2214 417 2262 Ille
439 2214 555 2260 enim
577 2224 757 2260 noverat
778 2230 931 2261 verum
953 2233 1041 2262 esse
1063 2217 1118 2263 de
1144 2235 1186 2264 se
1212 2222 1413 2269 testimo-

37 2287 158 2333 nium
179 2303 305 2333 suum
331 2303 343 2331 t
375 2285 449 2331 sed
472 2295 653 2349 propter
672 2285 890 2343 infirmos,
923 2297 1108 2351 propter
1129 2289 1377 2339 incredulos
1395 2332 1405 2351 ‚

35 2367 212 2421 propter
227 2373 315 2403 non
336 2354 640 2415 intelligenteS‚
672 2355 735 2401 sol
753 2355 950 2402 lucernas
973 2359 1214 2420 quaerebat.
1244 2362 1407 2424 Fulgo-

37 2443 127 2487 rem
143 2428 307 2492 quippe
317 2425 417 2473 solis
430 2425 652 2490 lippitudo
675 2442 825 2472 eorum
842 2426 951 2472 ferre
974 2445 1063 2474 non
1086 2440 1273 2493 poterat.

101 2497 160 2545 ΙΙ.
201 2496 304 2544 Ideo
331 2496 537 2560 quaesitus
559 2505 622 2541 est
637 2495 851 2554 «Ioannes,
882 2497 959 2561 qui
981 2498 1275 2549 testimonium
1302 2520 1409 2567 per-

81 2585 94 2610 ¹
119 2588 216 2620 Joan.
243 2595 277 2628 v,
294 2596 351 2627 29.
373 2599 420 2611 —-
432 2581 449 2608 2
475 2583 564 2617 Alias
576 2593 668 2627 xum,
682 2583 724 2616 de
752 2584 857 2617 verbis
878 2585 1084 2622 Domini.-·-
1096 2583 1113 2612 3
1127 2589 1228 2623 Joan.
1242 2600 1275 2631 v,
1295 2592 1350 2627 31.
1362 2609 1412 2623 —-

37 2635 53 2664 ⁴
66 2638 114 2673 ld.
128 2648 196 2680 xxv,
209 2639 244 2674 6.
