1866 3241
135 311 277 341 SERUO
313 311 410 349 ext,
451 309 506 340 DE
544 309 704 340 VERBIS
739 308 900 341 EVANG.
947 310 1076 342 JOAN.
1119 310 1199 342 ΧΠ.
1300 310 1385 341 201

53 393 243 440 unquam
268 375 376 421 dicit
401 393 411 420 ι
442 375 532 435 Ego
553 386 595 420 et
618 376 733 421 Deus
756 392 892 421 unum
918 391 1065 421 sumus
1087 394 1098 420 ε
1125 377 1228 439 quia
1251 377 1285 423 si
1310 374 1396 422 lia-

57 457 88 491 »t
108 447 330 502 virtutem,
359 456 399 490 et
430 445 525 491 ideo
555 445 641 491 hoc
673 445 806 499 dicit3
830 445 913 491 hoc
938 444 1149 500 dicendo,
1169 446 1289 509 quod
1308 446 1394 493 ha-

47 517 172 572 ebat,
198 516 352 561 amisit.

80 585 132 633 V.
160 585 386 650 ,Equalem
406 603 506 646 ergo
524 586 642 632 Patri
672 585 834 632 credite
860 584 1019 631 Filium
1047 602 1058 630 z
1086 584 1160 631 sed
1184 595 1329 631 tamen
1345 585 1399 631 de

18 658 146 704 Patre
168 656 327 704 Filium
351 695 362 714 ‚
390 658 565 704 Patrem
605 674 706 705 vero
738 674 826 703 non
862 656 915 702 de
945 656 1067 703 Filio.
1109 656 1244 718 Origo
1278 657 1399 721 apud

22 728 30 737 '
70 745 142 774 um
160 765 172 785 ,
198 728 419 793 aequalitas
456 729 575 793 apud
598 729 743 776 istum.
774 729 887 774 Nam
924 728 958 774 si
986 727 1167 791 {equalis
1190 745 1279 774 non
1303 738 1366 774 est
1383 765 1394 785 ,

19 815 143 846 verus
159 797 274 844 filius
292 816 380 845 non
397 809 472 846 est.
497 799 617 855 Quid
630 800 745 845 enim
766 798 974 855 dicimuS,
995 798 1175 845 fratres?
1193 799 1228 844 si
1247 815 1400 862 aequa-

19 867 69 915 lis
88 885 175 915 non
193 879 272 925 est,
292 869 435 914 minor
452 880 514 914 est
539 887 550 914 :
579 870 611 915 si
636 870 778 915 minor
801 880 881 926 est,
908 869 1125 929 interrogo
1149 868 1402 915 salvandam

20 949 222 985 naturam
259 938 370 985 male
407 939 679 996 credentem,
709 939 929 1004 quomodo
968 939 1109 985 minor
1142 949 1269 985 natus
1309 942 1401 986 ests>

20 1009 270 1074 Responde,
299 1011 442 1056 Minor
462 1012 632 1068 crescit,
660 1014 837 1058 annon?
857 1011 902 1059 Si
919 1011 1092 1068 crescit,
1120 1028 1221 1072 ergo
1246 1021 1289 1057 θῖ
1318 1015 1403 1057 Pa-

20 1089 86 1125 ter
103 1081 295 1128 senescit.
326 1081 374 1127 Si
394 1093 538 1128 autem
564 1082 683 1146 quod
704 1093 830 1128 natus
851 1092 931 1138 est,
960 1081 1047 1127 hoc
1076 1082 1182 1136 erit3
1205 1083 1237 1128 si
1262 1082 1406 1128 minor

20 1162 145 1197 natus
169 1162 255 1209 est,
280 1163 322 1197 et
347 1153 489 1199 minor
521 1153 603 1198 erit
627 1171 637 1198 z
666 1171 767 1199 cum
797 1153 1057 1199 detrimento
1086 1170 1162 1199 suo
1186 1153 1405 1217 perfectus

22 1222 101 1268 erit
118 1260 129 1279 ,
147 1239 247 1269 cum
266 1223 525 1271 detrimento
542 1225 694 1271 formae
714 1226 856 1271 Patris
873 1225 1091 1289 perfectus
1110 1235 1236 1271 natus
1250 1262 1262 1282 ,
1286 1241 1405 1270 nuu-

2 1348 3 1352 ,
24 1309 161 1358 quam
179 1306 467 1357 perventurus
485 1296 611 1342 estad
626 1295 810 1342 formam
833 1295 988 1342 Patris.
1007 1295 1098 1348 Sic,
1118 1295 1260 1359 impii,
1276 1294 1406 1341 addi-

0 1356 117 1410 'citis
140 1365 295 1411 Filium
324 1385 336 1411 :
366 1368 443 1423 sic,
471 1367 686 1423 haeretici,
719 1366 1034 1430 blasphematis
1075 1366 1247 1413 Filium.
1289 1364 1410 1423 Quid

0 1451 121 1494 *ergo
158 1435 376 1481 catholica
408 1437 513 1481 fides
543 1436 683 1482 dicit)
715 1436 849 1482 Filius
882 1437 994 1481 Deus
1029 1435 1082 1481 de
1122 1436 1250 1481 Patre
1274 1436 1365 1480 Deo
1393 1452 1405 1480 ι

0 1543 1 1546 ,
24 1504 152 1549 Pater
179 1505 290 1550 Deus
310 1522 397 1550 non
423 1506 477 1550 de
500 1505 607 1551 Filio
637 1507 767 1552 Deus.
812 1505 897 1551 Sed
926 1505 1061 1551 Filius
1087 1507 1204 1551 Deus
1230 1504 1409 1569 aequalis

23 1572 161 1628 Patri,
182 1574 363 1637 aequalis
380 1585 523 1631 natus,
548 1593 634 1620 non
655 1576 799 1621 minor
820 1586 948 1621 natus
971 1596 983 1628 ς
1018 1592 1106 1621 non
1126 1575 1305 1638 aequalis
1319 1576 1408 1621 fac-

0 1658 2 1687 ;
26 1653 109 1692 ωε,
138 1642 212 1688 sed
234 1644 415 1707 aequalis
439 1655 580 1691 natus.
610 1644 742 1701 Quod
764 1644 930 1699 estille‚
959 1644 1046 1688 hoc
1068 1654 1110 1688 θῖ
1126 1645 1204 1689 iste
1233 1645 1309 1708 qui
1326 1662 1411 1690 na-

24 1723 92 1759 tus
112 1724 186 1760 est.
214 1713 463 1776 Aliquando
482 1714 567 1760 fuit
590 1716 718 1760 Pater
745 1714 834 1759 sine
859 1713 996 1759 Filio?
1024 1713 1162 1761 Absit.
1190 1713 1314 1760 Tolle
1334 1714 1409 1761 ali-

26 1784 218 1847 quando,
233 1785 309 1831 ubi
321 1795 492 1849 tempus
510 1803 596 1832 non
609 1796 685 1832 θεῖ.
708 1786 889 1848 Semper
904 1788 1047 1840 Pater,
1070 1802 1237 1848 semper
1255 1785 1403 1833 Filius.

27 1854 127 1900 Sine
158 1855 282 1900 initio
307 1857 513 1919 temporis
546 1857 705 1913 Pater,
745 1856 834 1901 sine
857 1856 982 1900 initio
1011 1856 1217 1918 temporis
1238 1855 1374 1901 Filius
1396 1873 1408 1901 ε

27 1940 256 1987 nunquam
277 1925 406 1970 Pater
433 1936 531 1971 ante
551 1925 728 1982 Filium,
752 1942 980 1988 nunquam
1001 1925 1130 1970 Pater
1155 1926 1243 1970 sine
1283 1925 1404 1972 Filio.

34 1993 121 2039 Sed
148 2005 292 2039 tamen
312 1996 414 2058 quia
442 1996 574 2041 Filius
601 1998 715 2041 Deus
751 1995 804 2041 de
826 1996 916 2040 Deo
940 1996 1085 2051 Patre,
1111 1999 1235 2040 Pater
1267 2005 1412 2041 autem

31 2065 145 2110 Deus
162 2102 172 2120 ,
203 2064 275 2109 scd
296 2083 384 2110 nou
413 2065 465 2111 do.
489 2067 580 2111 Deo
600 2066 709 2111 Filio
728 2086 739 2119 ;
758 2083 846 2110 non
862 2065 988 2110 nobis
1014 2064 1243 2127 displiceat
1266 2065 1412 2111 hono-

30 2134 238 2180 risicentia
275 2135 368 2181 Filii
398 2137 443 2181 in
464 2137 607 2183 Patre.
640 2136 982 2182 Honorificentia
1012 2135 1127 2180 enim
1168 2135 1262 2181 Filii
1288 2136 1410 2181 Patri

34 2203 188 2249 tribuit
209 2204 433 2260 honorem,
462 2222 549 2249 non
575 2223 695 2251 suam
721 2206 880 2251 minuit
909 2205 1202 2252 Divinitatem.

93 2274 167 2320 Vl.
193 2274 308 2330 Quia
326 2291 424 2334 crgo
442 2274 662 2332 dicebam,
687 2275 805 2337 quod
826 2292 1155 2337 proposueram,
1180 2297 1199 2315 «
1223 2276 1277 2321 Et
1299 2275 1405 2332 scio,

33 2365 54 2385 »
77 2345 152 2401 ait,
183 2344 285 2407 quia
320 2344 576 2390 mandatum
602 2349 692 2404 ejus
717 2345 804 2390 vita
828 2355 989 2390 {eterna
1013 2354 1087 2389 est.
1114 2365 1134 2384 n
1164 2344 1381 2390 Intendite
1399 2382 1410 2401 ,

30 2412 180 2458 fratres
201 2450 211 2463 ,
243 2414 363 2476 quod
399 2413 498 2459 dico
525 2431 536 2459 ι
569 2435 590 2455 α
616 2413 715 2460 Scio
754 2414 851 2477 quia
894 2412 1151 2458 111andatun1
1194 2417 1285 2473 ejus
1325 2413 1414 2460 vita

35 2504 54 2524 »
69 2493 227 2528 aeterna
242 2483 338 2530 θεῖ).
357 2504 377 2524 ›>
392 2483 910 2548 Etlegimusapudipsum
927 2483 1137 2528 ,Ioannem
1148 2483 1201 2529 de
1217 2484 1413 2531 Christo:

35 2574 56 2594 κ
76 2553 172 2615 Ipse
196 2564 258 2597 ost,
285 2570 406 2599 verus
433 2557 552 2599 Deus
572 2592 582 2602 .
613 2565 655 2598 et
679 2555 767 2600 x‘ita
795 2565 953 2600 aeterna
973 2554 1005 2600 2’.
1041 2575 1061 2593 »
1084 2553 1127 2599 Si
1159 2554 1412 2600 mandatum

84 2641 93 2662 ¹
114 2643 203 2673 Juan,
231 2651 289 2677 ux,
310 2643 363 2673 50.
379 2659 423 2664 ——
439 2641 454 2663 ’ἒ
478 2654 489 2673 1
514 2645 609 2674 joan.
631 2653 658 2681 v,
680 2653 730 2674 20.
