1866 3241
168 335 310 368 sunno
347 332 537 376 cxxvm,
574 330 632 364 1213
668 329 824 363 vnaius
859 329 1023 364 EVANG.
1065 333 1194 366 som.
1235 327 1277 366 'v.
1352 330 1439 384 107

68 398 143 447 sed
163 398 360 446 nondum
379 397 532 445 habet.
566 390 758 454 Quando
781 396 896 443 enim
919 397 975 444 ad
993 397 1105 445 illud
1134 410 1313 447 ventum
1341 400 1441 448 fue-

65 470 123 516 rit
140 508 151 527 ,
195 464 273 515 'ubi
308 461 427 515 nulla
458 468 636 514 omnino
687 478 863 529 exurgat
898 469 1251 533 concupiscentia
1282 471 1439 518 adver-

65 539 197 587 sanda
211 578 222 596 ,
246 539 390 585 nullus
411 539 492 584 erit
515 539 653 584 hostis
674 555 776 585 cum
799 554 887 602 quo
910 537 1157 593 luctemur3
1184 556 1266 586 nec
1287 558 1436 604 expec-

63 620 181 656 tatur
202 610 266 656 ibi
285 610 483 666 victoria,
510 610 613 673 quia
634 608 688 655 de
711 609 835 655 hoste
851 612 941 669 jam
969 610 1090 655 victo
1114 610 1429 675 triumphatur.

64 680 180 727 Audi
198 681 337 743 ipsam
354 679 600 735 victoriam,
624 678 720 742 ipso
757 679 962 743 Apostolo
988 679 1176 737 dicente,
1200 701 1221 722 «
1249 681 1438 744 Oportet

61 771 84 793 >›
105 749 391 813 corruptibile
417 750 504 795 hoc
535 749 714 795 induere
746 749 1149 813 incorruptionem,
1186 761 1229 796 et
1255 751 1437 797 mortale

62 840 84 862 »
112 820 198 865 hoc
220 820 399 865 induere
421 819 807 866 immortalitatem.
839 820 952 865 Cum
981 831 1126 866 autem
1149 820 1435 884 corruptibile

61 911 84 932 »
103 890 189 936 hoc
213 890 404 936 induerit
436 890 830 953 incorruptionem,
863 901 905 935 et
935 890 1114 936 mortale
1138 891 1225 937 hoc
1246 891 1437 937 induerit

61 979 82 1002 »
113 960 505 1014 immortalitatem3
541 972 646 1006 tunc
687 961 762 1006 fiet
794 977 931 1006 sermo
968 961 1045 1023 qui
1086 962 1274 1025 scriptus
1311 972 1375 1007 est
1421 979 1431 1006 :

60 1049 82 1072 >2
107 1030 322 1094 Absorpta
348 1042 410 1076 est
443 1048 558 1076 mors
589 1030 635 1076 in
655 1030 896 1077 victoriam.
929 1052 950 1072 2>
980 1031 1096 1076 Audi
1116 1029 1242 1077 voces
1274 1032 1436 1077 trium-

56 1100 348 1164 phantiu1n:«
368 1101 457 1147 Ubi
471 1113 549 1159 est,
565 1118 697 1157 mom,
716 1102 935 1147 contentio
962 1105 1064 1147 tua?
1091 1103 1179 1147 Ubi
1197 1113 1276 1159 est,
1299 1119 1430 1157 mors,

56 1191 77 1212 »
100 1172 272 1217 aculeus
292 1183 391 1218 tuus
410 1171 458 1217 1?
480 1194 500 1214 >2
529 1172 804 1228 percussisti,
827 1172 1083 1228 vulnerasti,
1108 1172 1305 1233 dejecisti
1328 1189 1339 1216 :
1361 1167 1435 1217 sed

55 1241 301 1287 vulneratus
323 1252 385 1287 est
401 1259 483 1305 pro
505 1260 591 1299 me,
611 1243 687 1305 qui
704 1242 807 1288 fecit
824 1259 906 1290 me.
932 1243 971 1287 O
992 1259 1125 1299 mors,
1143 1260 1168 1288 o
1185 1259 1318 1297 mors,
1340 1241 1434 1288 vul—

55 1321 229 1356 neratus
251 1323 313 1355 est
331 1329 412 1374 pro
436 1329 522 1368 me,
548 1313 623 1375 qui
643 1312 745 1358 fecit
763 1329 849 1366 me,
871 1323 914 1355 et
932 1313 986 1355 de
996 1323 1133 1356 morte
1153 1329 1229 1357 sua
1244 1311 1351 1358 vicit
1370 1322 1426 1358 te.

56 1381 114 1426 Et
135 1392 239 1426 tunc
265 1381 584 1444 triumphantes
603 1381 766 1425 dicturi
785 1391 902 1436 sunt,
925 1402 945 1421 «
970 1380 1058 1426 Ubi
1077 1391 1154 1437 est,
1173 1398 1305 1439 mors,
1321 1398 1434 1428 con-

54 1471 76 1492 »
100 1451 234 1496 tentio
252 1454 359 1496 tua?
386 1450 475 1495 Ubi
494 1460 573 1506 est,
595 1467 729 1496 mors.
753 1450 926 1495 aculeus
949 1453 1074 1496 tuus?
1093 1472 1114 1492 »

118 1522 195 1568 XI.
236 1520 369 1566 Modo
397 1531 565 1575 autem,
589 1519 767 1583 quando
796 1537 896 1565 caro
923 1521 1199 1584 concupiscit
1228 1522 1431 1569 adversus

51 1592 252 1655 spiritum
267 1629 278 1647 ,
313 1602 355 1636 et
384 1590 560 1654 spiritus
585 1589 787 1635 adversus
811 1594 1004 1647 carnem‚
1035 1592 1256 1637 contentio
1280 1590 1431 1638 mortis

0 1709 1 1717 ἵ
51 1672 112 1707 est
137 1679 147 1706 :
169 1679 256 1706 non
286 1660 403 1724 quod
432 1660 631 1707 volumus
659 1660 857 1706 facimus,
899 1661 1074 1716 Quare?
1096 1662 1212 1717 Quia
1228 1661 1431 1708 volumus

0 1731 1 1735 ’
52 1742 101 1778 ut
128 1731 259 1777 nullae
293 1733 378 1777 sint
404 1730 788 1793 concupiscentiae,
827 1730 899 1776 sed
927 1748 1015 1776 non
1039 1748 1283 1794 possumus.
1309 1732 1430 1778 Veli-

49 1819 145 1848 mus
175 1802 384 1858 nolimus‚
411 1802 627 1846 habemus
647 1800 740 1846 illas
761 1818 771 1845 ε
801 1801 982 1846 velimus
999 1802 1204 1858 nolimus,
1228 1802 1426 1859 titillant,

47 1872 353 1928 blandiuntur,
382 1872 630 1927 stimulant,
657 1871 862 1917 infestant
882 1909 892 1927 ‚
927 1888 1098 1932 surgere
1120 1873 1289 1920 volunt.
1317 1873 1428 1918 Pre—

45 1954 244 1998 muntur,
266 1942 462 1988 nondum
486 1943 812 2002 extinguuntur.
839 1943 1050 1999 Quandiu
1074 1960 1175 2009 caro
1195 1938 1425 2007 concupis-

47 2013 109 2059 cit
127 2013 329 2058 adversus
351 2011 572 2074 spiritum,
591 2022 633 2056 et
648 2012 827 2074 spiritus
850 2012 1054 2058 adversus
1069 2030 1257 2060 carnem.
1290 2014 1325 2058 N
1332 2030 1424 2059 um-

48 2083 156 2147 quid
191 2083 277 2128 hoc
310 2082 439 2127 etiam
486 2098 589 2126 cum
634 2092 832 2127 mortuus
879 2082 1010 2128 fuerit
1051 2082 1186 2128 homo
1207 2086 1227 2129 P
1278 2083 1417 2131 Absit.

47 2153 239 2216 Deponis
264 2169 461 2207 carnem,
498 2151 717 2214 quomodo
753 2161 897 2196 tecum
934 2152 1073 2197 trahis
1105 2153 1425 2216 concupiscen-

45 2223 126 2268 tias
147 2222 314 2268 carnis?
344 2221 428 2267 Sed
453 2221 487 2266 si
509 2221 620 2267 bene
642 2221 845 2284 pugnasti
861 2258 872 2277 ,
895 2221 1099 2285 reciperis
1127 2221 1182 2287 ad
1214 2222 1419 2285 quietem.

48 2293 113 2354 De
133 2310 218 2356 qua
239 2292 382 2356 quiete
407 2288 680 2338 cOronandus
703 2309 762 2348 es,
797 2309 887 2337 non
905 2292 1180 2339 damnandus
1204 2310 1215 2337 ι
1243 2303 1293 2346 ut
1317 2310 1425 2357 pos-

46 2373 114 2409 tea
142 2363 395 2427 perducaris
432 2362 486 2408 ad
513 2379 709 2421 regnum.
746 2363 857 2422 Ergo
891 2362 1090 2425 quandiu
1131 2363 1205 2409 hic
1239 2356 1419 2421 vivitur,

45 2433 196 2480 fratres
212 2471 223 2489 ‚
255 2433 315 2479 sic
339 2443 424 2492 est,
456 2433 518 2478 sic
548 2444 591 2477 et
622 2450 698 2478 nos
722 2433 799 2495 qui
823 2434 1042 2478 senuimus
1068 2433 1115 2478 in
1136 2433 1216 2479 ista
1239 2433 1393 2480 militia
1409 2472 1420 2490 ,

43 2502 225 2549 'minores
252 2498 429 2567 quidem
449 2503 594 2549 hostes
617 2503 833 2548 habemus
871 2521 882 2548 ι
914 2503 986 2548 sed
1012 2514 1155 2549 tamen
1181 2503 1411 2557 habemus.

43 2574 76 2618 F
79 2573 224 2633 atigati
244 2584 344 2620 sunt
365 2574 559 2636 quodam
579 2571 708 2619 modo
737 2573 884 2619 hostes
918 2573 1054 2619 nostri
1072 2577 1166 2634 Jam
1187 2573 1320 2622 etiam
1338 2587 1416 2640 per

90 2661 102 2685 ί
125 2673 138 2694 1
157 2662 234 2694 Cor.
258 2672 313 2706 xv,
330 2663 452 2695 53-55.
