1866 3241
486 352 575 409 412
902 372 936 402 5.
979 370 1222 403 Auensrmi
1257 373 1460 404 EPISCOPI

482 436 636 480 cusas?
659 434 703 480 Si
725 435 847 481 illum
867 452 944 496 ego
967 438 1160 501 corrupi,
1188 448 1237 483 ut
1249 438 1467 498 judicaret
1485 455 1566 503 pro
1584 456 1678 493 me3
1700 449 1739 485 te
1756 456 1786 504 q

488 505 704 568 corrupit,
736 517 784 551 ut
807 506 1031 553 damnares
1054 512 1125 554 te?

552 576 669 622 XIV.
711 576 887 621 Utinam
913 577 1010 622 hoec
1034 577 1269 641 aliquando
1298 578 1504 638 cogitent,
1536 578 1604 625 vel
1627 596 1718 624 sero
1741 595 1765 624 c

489 655 594 700 tent,
613 645 681 691 vel
694 645 1010 691 detumescente
1024 648 1291 693 animositate
1306 647 1510 707 cogitent,
1532 648 1586 693 ad
1602 665 1643 693 se
1658 648 1783 694 rcdea

488 732 529 759 se
555 715 833 774 interrogent,
857 734 897 761 se
921 716 1173 773 discutiant,
1200 717 1283 762 sibi
1301 717 1604 780 respondeant,
1631 735 1713 781 pro
1739 734 1790 764 ve

487 795 571 830 tate
596 802 683 830 non
708 786 887 830 timeant
911 803 997 841 eos,
1020 787 1180 849 quibus
1196 786 1425 832 falsitatem
1446 786 1683 832 diutissime
1700 804 1782 833 ven

486 855 656 902 derunt.
683 857 804 919 Ipsos
823 857 937 901 enim
956 857 1112 902 timent
1125 857 1362 910 offendere3
1383 857 1786 902 erubescunthuma

487 925 747 981 infirmitati,
773 937 815 971 et
839 943 926 971 non
949 927 1212 972 erubescunt
1235 927 1528 972 invictissimae
1548 927 1732 973 veritati.

487 1222 643 1261 errare,
663 1205 931 1251 diabolicum
946 1218 1008 1252 est
1025 1225 1101 1270 per
1119 1208 1434 1252 animositatem
1453 1207 1499 1251 in
1516 1222 1655 1251 errore
1670 1221 1793 1250 mane
1857 1232 1861 1247 7

489 1275 641 1320 Melius
661 1276 836 1339 quidem
856 1287 963 1332 erat,
986 1277 1019 1322 si
1040 1294 1267 1339 nunquam
1287 1293 1525 1322 erraremus
1542 1275 1640 1321 :sed
1657 1274 1726 1321 vel
1742 1291 1802 1337 qu

488 1346 725 1391 secundum
739 1357 800 1391 est
810 1346 1036 1403 faciamus,
1052 1358 1100 1393 ut
1115 1364 1301 1392 errorem
1320 1346 1552 1409 aliquando
1565 1344 1788 1390 emendem

488 1416 774 1479 Decepimus,
811 1417 913 1479 quia
944 1416 1119 1480 decepti
1154 1434 1321 1462 eramus
1343 1416 1479 1462 :falsa
1508 1414 1788 1478 praedicavim
1815 1419 1828 1472 t

490 1486 565 1548 qui
592 1486 938 1549 praedicantibus
963 1487 1067 1532 falsa
1091 1487 1367 1532 credidimus.
1403 1486 1562 1530 Dicant
1589 1484 1674 1529 suis
1691 1521 1702 1538 ,
1734 1473 1832 1549 sin}

489 1556 740 1612 erravimus,
766 1556 891 1602 simul
917 1557 973 1602 ab
997 1575 1136 1603 errore
1159 1557 1422 1603 recedamus
1454 1556 1595 1600 Duces
1623 1554 1748 1599 vobis
1771 1553 1795 1599 f

493 1643 583 1670 mus
601 1626 655 1671 ad
676 1626 860 1682 foveam,
878 1637 919 1671 et
932 1628 1067 1672 secuti
1086 1627 1183 1672 estis
1202 1643 1302 1672 cum
1322 1626 1575 1670 duceremus
1595 1623 1647 1668 ad
1669 1622 1791 1668 fovea

489 1705 531 1739 et
559 1712 674 1740 nunc
705 1696 932 1758 sequimini
959 1713 1058 1740 cum
1087 1696 1286 1740 ducimus
1311 1694 1365 1739 ad
1399 1693 1648 1738 Ecclesiam.
1685 1693 1811 1737 Posse

492 1765 570 1810 ista
592 1765 733 1810 dicere
756 1783 766 1810 ε
788 1765 1117 1824 indignantibus
1141 1765 1349 1820 dicerent,
1384 1764 1501 1808 iratis
1534 1762 1752 1815 dicerent3
1779 1779 1800 1806 a

492 1833 667 1896 quando
690 1845 731 1878 et
750 1833 813 1879 illi
841 1845 1051 1898 ponerent
1073 1834 1430 1894 indignationem,
1459 1841 1653 1878 amarent
1676 1831 1743 1877 vel
1772 1847 1813 1875 se

494 1914 718 1950 unitatem.

557 1974 651 2020 XV.
694 1974 781 2019 Nos
802 1984 962 2030 tamen,
984 1975 1151 2029 fratres,
1170 1974 1378 2037 patientes
1398 1973 1513 2018 circa
1530 1971 1623 2017 illos
1641 1972 1787 2017 simus.

494 2045 656 2090 terrore
677 2056 776 2090 sunt
798 2056 839 2089 et
866 2056 1032 2090 tumore
1053 2045 1168 2090 oculi
1192 2062 1298 2107 quos
1322 2060 1536 2090 curamus.
1569 2043 1667 2087 Non
1693 2042 1791 2088 dico

494 2132 643 2160 curare
672 2131 907 2168 cessemus;
939 2116 1011 2160 sed
1037 2126 1083 2160 nt
1106 2132 1193 2160 non
1215 2113 1566 2159 insultationibus
1599 2112 1653 2157 ad
1684 2116 1798 2172 majo

493 2185 802 2231 amaritudines
836 2203 1151 2248 provocemus3
1183 2185 1393 2230 rationem
1424 2182 1577 2228 leniter
1611 2181 1821 2227 reddamu

497 2274 581 2301 non
605 2256 658 2301 de
680 2256 861 2302 victoria
883 2257 1068 2319 superbe
1091 2255 1338 2300 exultemus.
1375 2275 1394 2293 «
1424 2253 1604 2298 Servum
1627 2252 1741 2296 enim
1770 2252 1808 2295 D

495 2348 515 2368 »
538 2327 642 2372 mini
669 2326 835 2386 litigare
867 2343 953 2371 non
983 2336 1170 2388 oportet,
1207 2323 1435 2386 Apostolus
1461 2322 1585 2377 dicit,
1619 2320 1691 2366 scd
1716 2321 1817 2366 mite

496 2417 515 2437 »
536 2413 621 2441 esse
643 2395 696 2441 ad
721 2412 886 2451 omnes,
912 2395 1164 2449 docibilem,
1194 2393 1447 2456 patientem,
1467 2391 1511 2435 in
1530 2390 1737 2435 modestia
1762 2406 1813 2435 co

498 2488 517 2506 >2
536 2465 762 2528 ripientem
783 2465 949 2509 diversa
971 2463 1196 2508 sentientes
1214 2480 1223 2506 :
1242 2479 1294 2506 ne
1310 2461 1418 2506 sorte
1434 2460 1507 2505 det
1527 2459 1608 2505 illis
1633 2460 1749 2504 Deus
1768 2478 1797 2522 p

492 2557 512 2576 »
531 2535 776 2590 nitentiam,
798 2546 841 2580 ct
858 2534 1111 2596 resipiscant
1127 2552 1150 2578 a
1167 2531 1331 2578 diaboli
1351 2531 1530 2593 laqueis,
1552 2548 1575 2576 a
1593 2547 1679 2593 quo
1699 2529 1817 2593 capti
1850 2576 1851 2579 Ἴ

492 2627 512 2647 »
533 2616 733 2651 tenentur
751 2604 990 2651 secundum
1010 2605 1145 2668 ipsius
1159 2601 1465 2650 voluntatem1.
1488 2623 1508 2644 »
1528 2601 1746 2647 Patienter
1761 2579 1851 2711 orgi}

539 2696 549 2719 ¹
574 2708 591 2728 2
611 2695 695 2728 Tim.
710 2707 748 2733 ιι,
766 2703 820 2733 24.
