1866 3241
175 372 316 401 51-,11110
352 372 500 411 cmix,
539 370 593 402 DE
629 371 786 402 vannis
823 369 974 401 APOST.
1017 370 1182 401 PHILIP.
1226 370 1295 400 111.
1369 353 1464 417 449

85 437 155 482 1110
176 454 262 482 11011
280 436 426 500 potuit
450 447 569 482 tanta
587 437 773 500 perferre
804 437 892 482 sine
916 454 1084 491 amore;
1111 453 1190 482 nec
1222 446 1270 482 tu
1306 436 1466 500 poteris

85 507 407 552 communicare
431 506 598 552 Christi
620 507 896 570 passionibus
913 507 1001 551 siue
1025 524 1182 553 amore.

149 577 244 623 XV.
277 577 362 623 Sed
386 594 535 640 quaero
559 594 645 640 quo
670 595 828 623 amore.
861 577 959 621 Nou
978 576 1031 621 sit
1053 576 1272 639 cupiditas
1287 613 1297 632 ,
1317 575 1390 622 sed
1410 576 1465 622 sit

85 647 290 695 charitas,
322 670 342 690 ε(
362 649 409 694 Si
433 648 574 702 enim,
612 648 780 711 inquit,
814 647 1030 693 tradidero
1061 663 1220 710 corpus
1244 664 1390 692 meum
1417 656 1466 692 ut

87 740 106 759 »
127 718 325 775 ardeam,
352 729 394 764 et
422 719 681 764 charitatem
705 736 792 763 nou
822 717 1042 766 habeam.
1071 715 1185 762 nihil
1216 716 1327 761 mihi
1356 734 1466 779 pro-

86 811 105 830 »
125 789 258 837 dest¹.
281 811 302 831 »
317 790 376 835 Ut
391 789 530 853 prosit
550 789 632 834 tibi
653 787 992 834 communicatio
1010 787 1261 850 passionum
1281 786 1465 842 Christi,

85 860 275 905 charitas
296 860 420 907 adsit.
452 859 577 905 [nde
599 859 679 904 tibi
701 858 916 904 charitas?
939 858 977 901 Ο
1006 857 1325 902 mendicissima
1347 857 1466 902 insir-

84 930 236 986 mitas,
264 931 380 976 unde
405 931 485 976 tibi
515 931 706 976 charitas
727 931 805 974 Dei
819 933 836 974 Ξ)
862 929 936 974 Vis
963 927 1144 973 ostendo
1169 928 1250 972 tibi
1274 927 1389 973 unde
1415 929 1470 974 sit

87 1002 165 1046 tibi
180 1006 198 1047 ‘J
227 1003 375 1065 Ipsum
411 1001 628 1060 interroga
661 999 932 1045 horrearium
960 998 1254 1044 Dominicum.
1284 998 1328 1043 Si
1353 999 1468 1044 enim

83 1072 128 1117 111
156 1082 193 1116 te
216 1072 347 1117 fuerit
368 1071 559 1117 charitas
583 1071 684 1127 Dei,
713 1069 1058 1116 communicabis
1077 1069 1240 1115 christi
1259 1069 1469 1132 passioni-

84 1141 167 1187 bus
186 1153 227 1188 et
249 1159 375 1189 verus
399 1141 480 1186 eris
504 1151 684 1204 martyr.
710 1141 762 1185 In
782 1157 869 1203 quo
891 1139 1083 1184 charitas
1104 1150 1356 1196 coronatur,
1377 1140 1469 1203 ipse

84 1213 165 1258 erit
182 1230 307 1259 verus
330 1223 511 1276 martyr.
539 1212 665 1257 Unde
681 1228 781 1271 ergo
802 1210 913 1256 tibi‘?
934 1231 954 1251 «
971 1210 1196 1255 Habemus
1216 1210 1469 1256 thesaurum

85 1283 251 1328 »istum
270 1283 316 1328 in
331 1283 443 1329 vasis
464 1281 692 1337 fictilibus,
713 1281 771 1326 ait
787 1281 878 1343 ipse
897 1280 1148 1343 Apostolus,
1170 1291 1220 1326 ut
1236 1281 1470 1327 eminentia

87 1375 106 1394 »
123 1354 297 1398 virtutis
322 1354 376 1398 sit
393 1352 490 1408 Dei,
509 1363 550 1397 et
568 1369 655 1397 non
673 1368 720 1396 ex
739 1351 909 1397 nobis2.
936 1372 956 1391 >³
982 1351 1094 1410 Ergo
1119 1351 1234 1396 unde
1259 1351 1341 1396 tibi
1356 1351 1469 1397 cha-

85 1424 215 1480 ritas,
242 1423 324 1469 nisi
348 1423 450 1486 quia
468 1422 623 1468 diffusa
642 1422 771 1467 estin
797 1421 1006 1467 cordibus
1031 1422 1187 1467 nostris
1213 1439 1292 1485 per
1325 1422 1468 1486 Spiri-

86 1504 178 1539 tum
201 1505 401 1539 sanctum
415 1530 426 1549 ,
449 1494 526 1556 qui
543 1492 670 1538 datus
693 1502 755 1537 est
778 1491 958 1537 nohis-“³1³
984 1493 1096 1537 Ecce
1114 1492 1169 1537 ad
1190 1492 1310 1555 quod
1330 1509 1464 1552 geme.

87 1565 327 1611 Contemne
361 1564 566 1629 spiritum
601 1575 752 1619 tuum,
793 1563 944 1625 accipe
983 1563 1199 1625 Spiritum
1233 1564 1328 1610 Dei.
1373 1565 1471 1609 Non

86 1636 236 1681 timeat
258 1636 436 1699 spiritus
459 1646 560 1680 tuus
574 1672 584 1691 ,
609 1652 662 1679 ne
680 1651 784 1679 cum
805 1633 991 1696 coeperit
1010 1635 1054 1678 111
1079 1644 1120 1678 te
1142 1634 1344 1679 habitare
1371 1634 1470 1698 Spi-

86 1707 195 1752 ritus
223 1707 328 1763 Dei,
357 1706 574 1766 angustias
594 1705 787 1769 patiatur
810 1704 854 1749 in
880 1721 1062 1767 corpore
1083 1715 1171 1751 tuo.
1205 1704 1319 1750 Cum
1340 1704 1469 1750 habi-

89 1787 176 1823 tare
195 1778 239 1822 in
257 1794 440 1840 corpore
457 1787 531 1822 tuo
552 1776 738 1839 coeperit
757 1775 947 1838 Spiritus
970 1775 1073 1831 Dei,
1100 1792 1188 1821 non
1212 1775 1310 1820 inde
1329 1775 1472 1821 exclu-

87 1848 160 1893 det
193 1848 397 1911 spiritum
432 1858 557 1892 tuum
595 1864 605 1890 :
648 1845 738 1891 noli
772 1846 937 1891 timere.
984 1845 1029 1891 Si
1062 1846 1245 1891 divitem
1282 1845 1472 1909 aliquem

85 1919 278 1983 hospitio
303 1918 513 1981 suscipias
530 1954 541 1973 ,
567 1916 727 1980 pateris
752 1916 968 1975 angustias
989 1953 999 1971 ,
1025 1916 1104 1961 ubi
1128 1933 1298 1961 maneas
1319 1927 1363 1962 tu
1383 1934 1471 1962 11011

85 1988 254 2035 invenis
275 2026 286 2045 ,
311 1988 390 2033 ubi
417 1987 483 2033 illi
510 1987 647 2032 lectus
676 1996 855 2050 paretur
873 2023 883 2042 ,
925 1986 1003 2031 ubi
1038 1990 1218 2046 conjux,
1262 1987 1341 2032 ubi
1364 1986 1468 2043 filii,

88 2060 165 2105 ubi
192 2059 371 2106 familia.
402 2058 525 2115 Quid
553 2075 654 2117 ago,
681 2056 853 2120 inquis?
882 2056 982 2112 Quo
1012 2061 1088 2102 00.Ἰ
1116 2075 1203 2120 quo
1240 2057 1469 2117 migrabo?

87 2131 270 2193 Suscipe
297 2129 479 2175 divitem
512 2128 726 2192 Spiritum
752 2127 832 2172 Dei
855 2145 866 2171 ι
895 2126 1169 2184 dilataberis,
1198 2145 1286 2172 non
1310 2144 1470 2186 angus-

87 2202 259 2247 taberis.
291 2222 311 2241 «
332 2199 530 2245 Dilatasti
553 2215 719 2258 gressus
742 2208 836 2242 tuos
866 2198 1017 2242 subter
1037 2214 1104 2242 me
1123 2207 1140 2225 “
1155 2234 1166 2253 ,
1192 2196 1314 2243 dicis.
1349 2197 1467 2242 Hos-

88 2273 170 2336 piti
196 2282 269 2316 tuo
294 2270 491 2316 dicturus
507 2287 576 2315 es:
597 2291 617 2310 «
638 2268 838 2313 Dilatasti
857 2284 1021 2327 gressus
1040 2284 1155 2312 meos
1173 2267 1324 2312 subter
1348 2284 1429 2314 me.
1449 2289 1469 2309 »

89 2343 279 2400 Quando
298 2359 386 2388 11011
403 2341 479 2387 hic
496 2358 604 2397 eras,
625 2339 841 2399 angustias
860 2339 1058 2402 patiebar
1076 2356 1086 2383 z
1109 2338 1299 2401 implesti
1316 2338 1470 2384 cellam

87 2432 227 2460 meam
243 2451 254 2469 ,
281 2424 323 2458 et
346 2429 434 2458 non
457 2429 523 2457 me
545 2411 777 2466 exclusisti,
802 2410 875 2455 sed
904 2409 1145 2469 angustiam
1167 2426 1321 2457 meam.
1355 2409 1468 2455 Cum

88 2487 202 2530 enim
226 2485 362 2530 dicit:
381 2505 402 2526 «
423 2482 630 2529 Charitas
650 2481 728 2527 Dei
756 2481 912 2526 diffusa
935 2491 1022 2537 est,
1043 2501 1062 2521 ›>
1088 2480 1182 2543 ipsa
1205 2480 1379 2526 diffusio
1402 2480 1471 2526 la-

88 2556 319 2601 titudinem
343 2554 569 2614 significat.
603 2552 702 2597 Non
735 2569 835 2611 ergo
873 2551 1021 2596 timeas
1057 2550 1295 2610 angustias,
1322 2551 1469 2613 recipe

146 2653 155 2675 ¹
181 2665 191 2684 ι
216 2655 291 2686 Cor.
316 2663 391 2690 xm,
424 2652 454 2683 3.
473 2669 519 2674 —-
538 2648 555 2671 2
584 2661 601 2680 2
625 2651 700 2683 Cor.
732 2661 778 2691 xv,
808 2660 836 2688 7.
857 2666 902 2672 -
919 2646 933 2670 3
950 2649 1059 2680 Florus
1078 2649 1115 2679 ad
1137 2651 1230 2680 Rom.
1249 2660 1281 2684 v,
1298 2666 1344 2672 —
1361 2646 1374 2670 ⁴
1390 2649 1470 2685 Psal,

98 2718 182 2750 xvn,
205 2709 261 2752 57.

220 2773 367 2804 cxxvi.
1287 2769 1346 2816 29
