1866 3241
209 347 350 379 sunno
386 347 473 388 cu,
511 345 568 380 nn
603 345 763 378 vannis
799 343 952 378 Aeosr.
998 347 1110 379 Rom.
1149 347 1231 380 vu.
1329 333 1420 397 267

34 414 178 468 {cita-ta
201 426 280 473 est,
303 413 659 480 quotiescumque
681 412 854 473 legitur,
879 412 1124 459 timendum
1143 425 1222 470 est,
1241 432 1294 460 ne
1310 415 1422 462 male

34 469 263 535 ¹intellecta
285 485 359 531 det
380 483 636 530 hominibus
671 483 941 529 occasionem
970 484 1267 546 quaerentibus
1291 502 1423 531 occa-

48 558 221 605 sionem.
251 555 470 603 Proclives
498 566 598 601 sunt
622 555 788 618 quippe
813 553 1012 600 homines
1041 553 1097 599 ad
1125 554 1418 618 peccandum,

48 639 91 675 et·
104 628 173 675 vix
190 644 233 673 se
253 638 412 673 tenent.
440 626 528 672 Ubi
547 643 646 686 ergo
666 625 880 671 audierint
900 623 1155 689 Apostolum
1179 625 1418 671 dicentem:

48 720 68 741 κ
86 699 183 744 Non
199 699 315 744 enim
329 696 448 762 quod
458 695 574 753 volo,
590 696 703 742 facio
719 695 887 741 bonum
901 715 912 749 3
933 695 1006 741 sed
1018 694 1137 759 quod
1147 694 1220 741 odi
1237 695 1397 741 malum
1409 734 1418 746 ,

48 790 68 812 »
86 769 171 815 hoc
192 767 297 830 ago1
314 787 361 814 z»
374 778 508 829 agunt
525 766 708 823 malum,
730 777 772 812 et
788 766 911 830 quasi
928 765 1205 829 displicentes
1221 765 1304 812 sibi
1320 765 1422 829 quia

47 850 178 900 agunt
193 839 376 896 malum,
402 848 563 902 putant
586 854 628 883 se
643 836 851 900 Apostolo
875 853 961 881 esse
981 835 1154 891 similes,
1183 836 1260 900 qui
1283 835 1417 881 dixit:

47 911 183 956 «Non
218 910 334 956 enim
371 908 494 972 quod
530 907 654 964 volo,
689 906 802 953 facio
837 905 1028 960 bonun13
1061 906 1134 952 sed
1167 905 1286 970 quod
1323 905 1423 951 nolo

46 1003 67 1024 »
82 982 263 1038 malum,
290 981 377 1027 hoc
403 997 496 1041 agO.
525 979 893 1042 »Nonnunquam
922 994 1022 1038 ergo
1046 977 1220 1038 legitur,
1250 989 1292 1023 et
1317 988 1423 1022 tunc

46 1052 169 1098 nobis
195 1051 353 1112 ingerit
379 1050 677 1096 necessitatem
701 1047 974 1112 disputandi,
1008 1065 1061 1093 ne
1088 1048 1287 1094 homines
1310 1047 1422 1092 male

45 1134 255 1169 sumentes
278 1121 495 1168 salubrem
528 1120 679 1166 cibum
711 1129 884 1166 vertant
906 1118 952 1164 in
975 1135 1200 1165 venenum.
1234 1119 1300 1164 Sit
1323 1135 1423 1177 ergo

42 1195 206 1240 intenta
229 1194 431 1240 Charitas
450 1191 616 1248 Vestra,
640 1190 778 1237 donec
802 1189 921 1254 quod
940 1190 1154 1236 Dominus
1177 1190 1420 1241 donaverit,

43 1263 186 1310 dicam
214 1263 338 1311 vobis
359 1281 369 1308 ε
390 1273 440 1308 ut
461 1261 541 1307 ubi
571 1278 639 1306 me
661 1259 770 1306 forte
793 1260 991 1306 laborare
1013 1259 1208 1306 videritis
1231 1260 1277 1306 in
1301 1260 1420 1307 diffi-

43 1334 203 1381 cultate
222 1334 403 1395 alicujus
425 1331 721 1387 obscuritatis,
743 1330 955 1390 adjuvetis
966 1347 1035 1375 me
1048 1331 1203 1376 affectu
1222 1331 1410 1394 pietatis,

104 1406 163 1452 II.
206 1405 335 1451 Prius
357 1421 456 1465 ergo
476 1401 669 1458 recolite,
694 1401 813 1465 quod
836 1403 925 1447 Deo
943 1401 1154 1465 propitio,
1181 1401 1323 1448 soletis
1347 1420 1420 1448 au-

44 1474 151 1531 dire,
176 1475 311 1521 vitam
327 1474 437 1533 justi
452 1474 499 1519 in
521 1472 602 1518 isto
623 1489 806 1534 corpore
829 1471 976 1517 adhuc
993 1471 1160 1517 bellum
1184 1490 1288 1529 esse,
1316 1490 1423 1518 non-

44 1545 147 1590 dum
193 1544 486 1609 triumphum.
539 1542 681 1601 Hujus
726 1553 870 1587 autem
916 1541 1021 1587 belli
1063 1542 1297 1606 aliquando
1343 1545 1418 1590 erit

44 1615 332 1680 triumphus2.
361 1614 466 1660 Ideo
485 1612 718 1677 Apostolus
738 1612 862 1669 dixit,
887 1623 929 1659 et
948 1630 1073 1658 voces
1090 1613 1211 1671 belli,
1238 1626 1279 1660 et
1295 1632 1422 1661 voces

44 1685 269 1751 triumphi.
289 1685 426 1731 Voces
442 1683 551 1730 belli
568 1682 699 1728 modo
718 1682 979 1739 audivimus,
1006 1704 1026 1724 «
1048 1683 1146 1728 Non
1169 1685 1284 1730 enim
1302 1686 1421 1749 quod

34 1754 65 1807 Ξ»
82 1756 181 1802 volo
204 1774 310 1816 ago3
335 1755 409 1802 sed
427 1754 547 1819 quod
563 1753 660 1807 odi3
680 1752 791 1799 illud
807 1752 936 1800 facio,
961 1752 1008 1799 Si
1024 1764 1168 1799 autem
1187 1755 1307 1818 quod
1326 1756 1417 1806 odi.

33 1847 66 1868 ·»
84 1826 193 1873 illud
219 1826 356 1880 facim
391 1824 614 1872 consentio
649 1824 772 1884 Legi,
808 1824 1015 1886 quoniam
1045 1823 1161 1870 bona
1194 1837 1256 1872 est
1278 1826 1421 1872 :Velle

44 1910 71 1939 »¹
82 1897 251 1958 adjacet
264 1896 394 1953 mihi,
410 1896 619 1961 perficere
631 1906 775 1940 autem
792 1894 959 1940 bonum
973 1912 1061 1940 non
1076 1895 1262 1943 invenio.
1283 1897 1419 1943 Video

45 1988 66 2010 »
83 1979 226 2014 autem
240 1967 369 2012 aliam
386 1966 525 2026 legem
542 1967 587 2011 in
603 1965 811 2011 membris
828 1966 950 2021 meis.
978 1978 1290 2029 repugnantem
1315 1969 1419 2028 Legi

44 2038 237 2084 »mentis
265 2054 391 2093 meae,
421 2048 463 2083 et
492 2036 787 2099 captivantem
813 2052 883 2080 me
910 2036 956 2081 in
981 2035 1072 2096 lege
1100 2038 1287 2100 peccati,
1321 2057 1421 2103 quae

46 2120 145 2154 »est
167 2109 213 2154 in
236 2107 444 2152 membris
474 2105 621 2152 mcisss.
657 2126 677 2146 ³>
706 2105 896 2162 Quando
931 2106 1053 2151 audis
1084 2122 1416 2170 repugnantem.

46 2178 218 2242 quando
249 2176 372 2222 audis
404 2176 724 2241 captivantem,
760 2175 925 2221 bellum
960 2193 1048 2221 non
1079 2180 1298 2237 agnoscis)
1331 2182 1421 2227 Vox

46 2265 143 2309 ergo
167 2247 385 2311 triumphi
408 2246 604 2293 nondum
628 2257 689 2291 cst
706 2263 716 2290 ε
732 2245 804 2291 sed
833 2246 935 2309 quia
957 2246 1101 2292 filtura
1125 2259 1204 2304 est,
1230 2249 1356 2295 docet
1384 2263 1422 2296 te

47 2318 159 2365 idem
185 2316 416 2382 Apostolus
431 2355 441 2373 ,
470 2316 616 2362 dicens
639 2333 649 2360 z
671 2337 691 2357 «
715 2316 903 2379 Oportet
926 2318 1213 2379 corruptibile
1236 2319 1321 2365 lioc
1344 2322 1417 2367 in-

48 2410 68 2431 »
87 2389 215 2435 duere
239 2388 631 2452 incorruptionem,
656 2398 697 2432 ct
720 2387 900 2432 mortale
923 2387 1011 2432 hoc
1035 2388 1214 2434 induere
1237 2390 1421 2438 immor—

49 2480 69 2502 »
85 2459 309 2506 talitatem.
339 2458 452 2504 Cum
483 2469 627 2503 autem
643 2456 929 2520 corruptibile
953 2457 1039 2502 hoc
1058 2458 1248 2505 induerit
1270 2461 1418 2508 incor-

49 2531 331 2595 »ruptionem
350 2567 360 2584 ,
388 2541 429 2574 ct
458 2528 639 2574 mortale
661 2527 747 2573 hoe
772 2528 959 2573 induerit
978 2528 1376 2580 immortalitatem2
1400 2559 1419 2577 ›‚

44 2601 107 2647 ibi
135 2611 197 2646 est
227 2617 309 2648 vox
332 2600 550 2664 triumphi
571 2609 706 2645 :tunc
733 2598 805 2644 fiet
836 2616 974 2645 sermo
1002 2599 1079 2663 qui
1112 2601 1299 2666 scriptus
1323 2617 1409 2652 est:

34 2687 37 2743 j?
97 2689 107 2712 ¹
127 2692 221 2724 Rom.
242 2687 579 2730 vu‚15.-²Florus
597 2687 637 2721 ad
659 2690 756 2722 Rom.
776 2698 850 2722 vm.
866 2704 909 2718 -
934 2685 949 2714 3
975 2691 1150 2734 Rom‚v11‚
1178 2692 1284 2724 15-18
1313 2698 1343 2726 et
1366 2697 1419 2728 23,
