1866 3241
413 400 506 459 418
833 415 868 444 s·
911 413 1155 445 Aueus'rnss
1190 415 1391 446 EPISGOPI

411 498 498 530 non
517 479 644 544 illum
667 496 677 523 t
705 478 890 525 multum
913 488 974 523 est
998 477 1053 523 ad
1075 492 1167 534 me,
1195 478 1373 542 abyssus
1398 489 1487 535 est,
1514 478 1783 542 profundum
1837 487 1843 542 ,¹

413 550 553 597 crucis
579 559 665 603 est;
695 547 978 594 admiratione
1005 547 1240 592 exclamare
1261 565 1455 611 possum,
1488 547 1782 612 disputatione
1846 556 1866 574 '¹

413 608 705 667 demonstrare
721 635 810 664 non
828 633 1018 681 possum.
1045 616 1166 673 Quid
1189 634 1366 680 possum
1383 617 1617 663 exclamare
1633 617 1687 663 de
1701 617 1782 663 ista

414 689 741 755 profunditate?
763 708 783 729 ε(
805 687 948 743 Quam
983 686 1255 745 magnificata
1284 697 1385 732 sunt
1407 704 1537 750 opera
1560 698 1658 745 tua,
1685 688 1782 732 Do-

414 785 435 805 »
459 761 601 808 mine!
622 782 642 802 »
666 760 824 805 Gentes
850 756 1168 814 illuminantur,
1188 757 1331 803 ,ludaei
1350 767 1634 806 excaecantur.
1664 757 1781 813 Qui-

413 832 514 889 dam
544 828 717 893 parvuli
743 836 1009 873 sacramento
1033 826 1306 890 baptismatis
1325 826 1581 884 abluuntur,
1603 825 1783 890 quidam

411 919 510 949 vero
556 898 727 964 parvuli
757 898 810 961 kin
861 906 998 942 morte
1049 896 1182 959 primi
1226 896 1415 941 hominis
1458 896 1775 960 relinquuntur.

414 994 432 1013 α
460 972 604 1027 Quam
622 967 899 1027 magnificata
918 976 1018 1011 sunt
1032 983 1163 1029 opera
1183 974 1275 1021 tua,
1302 966 1504 1014 Domine!
1528 966 1666 1012 Nimis
1682 982 1783 1029 pro·
1837 976 1858 986 ¹·

412 1063 432 1083 ³3
456 1038 607 1085 fundae
640 1037 770 1083 factae
806 1046 906 1081 sunt
938 1036 1218 1095 cogitationes
1258 1045 1360 1081 tuae.
1400 1056 1421 1076 »
1456 1036 1512 1080 Et
1541 1035 1735 1098 sequitur
1767 1054 1779 1081 ι
1826 1061 1828 1069 =

413 1132 432 1152 «
460 1110 538 1156 Vir
558 1106 812 1171 imprudens
831 1123 919 1151 non
943 1106 1191 1165 cognoscit,
1221 1116 1262 1151 et
1291 1105 1446 1151 stultus
1466 1122 1554 1152 non
1583 1105 1784 1165 intelligit
1834 1116 1857 1173 ξ’

411 1201 432 1222 »
451 1172 551 1238 liaec
563 1177 597 1224 1,
625 1198 645 1218 »
659 1175 781 1233 Quid
799 1192 887 1220 non
905 1174 1105 1234 intelligit
1123 1174 1278 1220 stultus
1295 1185 1337 1219 et
1358 1174 1644 1237 imprudens?
1669 1174 1786 1231 Quia

410 1249 479 1296 vel
500 1245 772 1312 profundum
801 1254 876 1292 est.
910 1245 1022 1290 Nam
1047 1244 1082 1289 si
1110 1240 1266 1290 stultus
1291 1261 1380 1289 non
1402 1243 1623 1303 intelligit,
1646 1253 1688 1289 et
1711 1260 1783 1289 sa-
1825 1258 1828 1277 ³
1860 1256 1862 1263 ·

411 1319 535 1383 piens
556 1315 775 1375 intelligit,
806 1331 894 1359 non
918 1324 980 1360 est
998 1314 1128 1359 nimis
1152 1313 1436 1377 profundum.
1459 1312 1545 1361 Sed
1560 1313 1600 1363 vsi
1615 1314 1783 1377 sapiens

412 1387 615 1448 intelligit
636 1385 739 1449 quia
758 1383 1029 1447 profundum
1054 1392 1116 1428 est
1131 1420 1142 1439 ,
1174 1383 1328 1429 stultus
1347 1400 1435 1429 non
1462 1382 1663 1443 intelligit
1682 1383 1784 1446 quia
1825 1398 1827 1415 ³

409 1458 478 1506 vel
504 1455 773 1522 profundum
802 1464 877 1500 est.

476 1530 553 1576 VI.
591 1527 695 1572 Ideo
730 1525 856 1570 multi
885 1524 938 1569 de
972 1524 1052 1569 isto
1077 1523 1300 1587 profundo
1331 1535 1571 1588 quaerentes
1605 1523 1782 1570 reddere
1839 1538 1843 1563 ὲ

410 1600 638 1654 rationem,
665 1597 711 1642 in
734 1593 905 1642 fabulas
925 1594 1126 1641 vanitatis
1147 1595 1361 1642 abierunt.
1393 1594 1540 1657 Aliqui
1563 1593 1780 1651 dixerunt,

409 1668 529 1732 quod
550 1667 705 1713 animae
737 1680 906 1709 sursum
932 1664 979 1709 in
1003 1662 1115 1708 coelo
1142 1674 1349 1726 peccant,
1383 1674 1424 1708 et
1451 1663 1688 1710 secundum
1708 1681 1784 1709 sua

410 1747 588 1803 peccata
616 1734 671 1780 ad
700 1750 882 1796 corpora
905 1749 986 1796 pro
1016 1732 1180 1778 meritis
1202 1733 1468 1793 diriguntur,
1493 1744 1536 1779 et
1559 1734 1699 1794 dignis
1719 1733 1784 1779 ibi

411 1806 536 1871 quasi
567 1804 814 1851 carceribus
856 1801 1157 1850 includuntur.
1196 1804 1346 1849 lerunt
1374 1814 1474 1867 post
1503 1803 1784 1863 cogitationes
1832 1817 1840 1857 g

411 1895 535 1930 suas;
567 1874 758 1925 volentes
784 1872 1006 1936 disputare
1042 1872 1095 1918 de
1126 1873 1207 1918 Dei
1237 1873 1482 1936 profundo,
1524 1874 1652 1920 mersi
1685 1883 1784 1919 sunt

410 1949 456 1994 in
472 1943 785 2010 profundum2.
811 1941 1018 1987 Occurrit
1039 1942 1155 1987 enim
1170 1943 1229 1988 eis
1246 1943 1478 2006 Apostolus
1495 1981 1506 2000 ,
1526 1943 1672 1990 volens
1689 1960 1784 2002 gra-

411 2018 516 2063 tiam
540 2012 868 2068 commendare,
901 2022 944 2057 et
967 2011 1092 2071 elegit
1127 2011 1222 2058 illos
1250 2014 1439 2073 geminos
1466 2014 1512 2058 in
1547 2023 1669 2058 utero
1691 2013 1785 2058 Re-

409 2088 558 2132 beccae
575 2121 586 2141 ‚
615 2093 658 2128 et
674 2081 782 2127 dicit
802 2099 813 2126 2
841 2102 861 2122 «
884 2081 1091 2127 Nondum
1114 2082 1228 2127 enim
1247 2083 1358 2128 natis
1373 2115 1383 2132 ,
1409 2099 1488 2128 nec
1515 2082 1591 2145 qui
1618 2081 1784 2144 aliquid

413 2178 434 2198 »
452 2154 616 2215 egerint
637 2151 745 2198 boni
765 2161 840 2196 aut
863 2149 1006 2198 n1ali3.
1031 2173 1051 2193 ι)
1076 2151 1184 2197 Vide
1202 2152 1571 2215 quemadmodum
1592 2151 1692 2197 tulit
1711 2169 1784 2198 va·
1826 2153 1844 2194 .’

413 2226 479 2271 nis
506 2222 761 2269 hominibus
783 2220 1036 2283 phantasias
1072 2222 1407 2268 conversationis
1427 2223 1669 2268 animarum
1686 2231 1785 2266 ante
1828 2222 1838 2255 ἕ

415 2310 574 2357 corpus
602 2292 649 2337 in
667 2290 793 2337 coelo,
831 2290 877 2334 Si
901 2289 1013 2335 enim
1038 2290 1103 2335 ibi
1131 2294 1224 2350 jam
1258 2301 1520 2337 conversatae
1543 2301 1667 2346 sunt,
1690 2293 1786 2349 jam

412 2363 577 2428 aliquid
596 2362 703 2408 boni
725 2371 904 2420 egerunt
919 2358 988 2406 vel
1007 2359 1108 2405 mali
1122 2397 1133 2416 ,
1158 2371 1199 2405 et
1215 2378 1297 2424 pro
1314 2361 1475 2406 meritis
1491 2359 1579 2406 suis
1602 2359 1658 2406 ad
1681 2377 1784 2406 cor-
1835 2383 1837 2390 Α

413 2452 520 2499 pora
556 2444 724 2478 terrena
766 2429 951 2475 detrusae
977 2439 1091 2476 sunt.
1141 2428 1187 2475 Si
1225 2428 1396 2493 placet,
1433 2429 1783 2476 contradicamus
1859 2486 1865 2497 L

414 2503 649 2568 Apost010‚
679 2501 755 2564 qui
777 2500 883 2546 dixit
908 2517 919 2544 ι
946 2520 967 2540 «
992 2499 1200 2546 Nondum
1230 2500 1342 2546 natis
1360 2535 1371 2556 ‚
1396 2516 1476 2545 nec
1509 2500 1586 2563 qui
1617 2498 1782 2563 ahquid
1846 2522 1852 2550 ς

414 2597 435 2617 ,›
449 2574 611 2634 egerint
627 2571 735 2618 boni
749 2581 822 2616 aut
833 2568 948 2616 mali.
970 2590 990 2611 >)
1006 2570 1102 2615 Hoc
1118 2580 1260 2616 autem
1277 2570 1378 2633 quia
1392 2573 1572 2634 propter
1587 2566 1782 2634 Apostoli
1831 2586 1834 2594 “

408 2643 652 2692 evidentem
675 2639 926 2686 sententiam
947 2638 1110 2702 respuit
1134 2639 1350 2686 catholica
1373 2639 1504 2698 fides,
1541 2637 1660 2705 quod
1685 2638 1781 2687 ani-¹

457 2730 469 2755 Ι
488 2727 570 2764 Psal-
587 2738 653 2767 xor,
671 2728 704 2761 6.
717 2736 764 2751 ···—
780 2725 796 2750 ²
809 2727 918 2760 Florus
932 2724 972 2759 ad
987 2727 1083 2762 Rom.
1100 2737 1145 2763 xx.
1159 2736 1204 2753 ⁶⁶·-
1221 2723 1235 2753 3
1252 2729 1346 2762 Rom.
1366 2735 1414 2772 xx,
1433 2734 1476 2763 n.
