1866 3241
0 433 6 466 ι

0 487 5 535 ἰ

0 563 4 608 ἰ

0 645 6 677 ε

0 713 3 746 ι

0 789 5 817 Ι

0 855 6 885 ι

0 926 5 955 Ι

0 996 4 1026 ι

0 1132 2 1163 r

10 2670 14 2733 ἰ

11 2740 15 2766 1

11 2771 15 3042 l

182 278 329 311 senno
364 276 461 317 etv,
500 274 558 307 nn
592 273 752 306 vannis
791 272 942 305 Arosr.
989 274 1097 306 non.
1144 275 1246 306 vlu.
1323 257 1416 306 315

36 355 84 395 ut
108 355 351 406 augeretur,
374 354 416 389 et
432 342 501 389 vel
521 342 580 388 sic
598 340 791 387 medicus
810 351 1094 404 quaereretur.
1124 340 1169 386 Si
1190 340 1303 386 enim
1321 339 1424 386 levis

35 416 213 465 morbus
233 425 356 470 essct,
379 423 728 460 contemneretur
753 429 763 457 :
791 411 826 456 si
852 410 1032 457 morbus
1054 420 1425 466 contemneretur,

34 486 228 535 medicus
254 503 343 531 non
379 494 648 548 quaereretur
675 501 685 528 ι
712 483 747 528 si
784 482 978 527 medicus
1003 499 1091 527 nou
1120 491 1390 544 quaereretur
1412 518 1423 536 ,

34 556 213 605 morbus
250 573 339 602 non
368 555 579 600 finiretur.
620 574 640 595 «
659 552 762 598 ldeo
787 552 866 597 uhi
893 552 1136 598 abundavit
1163 561 1419 615 peccatum,

35 648 57 670 »
75 625 455 690 superabundavit
477 623 643 685 gratia1
664 641 675 668 ε
698 645 719 665 »
740 639 839 686 quae
865 622 1026 668 delevit
1060 632 1220 668 cuncta
1243 631 1423 685 peccata

36 713 135 762 quae
157 697 341 752 invenit,
368 706 411 741 et
434 695 490 741 ad
515 712 602 741 non
623 693 899 758 peccandum
924 693 1139 739 xoluntati
1166 703 1324 738 nostrae
1341 708 1420 737 co·-

35 768 155 814 nanti
180 767 447 827 adjutorium
463 766 834 818 subministravit3
862 765 1016 829 utipsa
1034 764 1234 811 voluntas
1253 773 1418 818 nostra,

35 854 123 884 non
148 838 193 883 in
217 854 258 882 se
274 837 385 901 ipsa,
412 835 486 882 sed
503 837 549 882 in
567 837 660 882 Deo
679 835 945 882 laudaretur.
977 857 997 876 «
1018 836 1070 881 In
1088 837 1181 881 Deo
1199 834 1313 880 enim
1328 833 1419 880 lau-

36 927 58 949 »
78 907 285 953 dabimur
298 917 388 952 tota
407 906 516 953 die'2.
538 929 558 948 »
579 907 655 963 Et,
687 928 707 948 «
725 908 777 951 ln
796 906 982 951 Domino
1000 905 1256 952 laudabitur
1276 905 1420 950 anima

38 998 60 1020 >2
79 994 190 1034 mea,
215 977 394 1024 audiant
415 978 558 1033 mites,
579 988 621 1022 et
640 977 983 1037 j11cu11cle11tu1·³.
1006 999 1026 1019 »
1048 976 1240 1023 Audiant
1258 976 1382 1022 mites
1404 993 1414 1019 z

37 1066 139 1096 nam
161 1049 341 1113 superbi
356 1060 398 1094 et
410 1049 584 1109 litigiosi
607 1066 696 1095 non
714 1048 913 1096 audiunt.
942 1050 1056 1109 Ergo
1070 1066 1205 1112 quare
1222 1065 1310 1094 non
1329 1048 1422 1111 ipsa

37 1130 100 1166 est
120 1121 203 1165 Lex
222 1119 359 1180 digito
393 1120 467 1165 Dei
494 1119 675 1183 scripta,
703 1137 802 1184 quae
818 1119 895 1165 dat
918 1120 1187 1180 adjutorium
1211 1119 1298 1164 hoc
1317 1135 1419 1178 gra-

37 1189 136 1245 tiae,
161 1190 214 1235 de
238 1207 323 1254 qua
350 1189 598 1254 loquimur?
631 1192 806 1247 Quare‘)
836 1191 951 1247 Quia
976 1191 1021 1237 in
1047 1190 1209 1236 tabulis
1236 1188 1420 1254 lapideis

37 1259 202 1323 scripta
222 1271 286 1306 est
302 1298 312 1315 ,
337 1260 484 1306 nonin
511 1260 669 1306 tabulis
688 1261 832 1307 cordis
855 1260 1145 1307 carnalibus&

101 1329 152 1376 V.
198 1330 393 1394 Denique
411 1368 421 1387 ,
459 1330 611 1376 fratres
642 1331 752 1387 mei,
783 1331 828 1376 in
859 1349 1015 1391 magno
1048 1331 1250 1395 mysterio
1276 1330 1417 1376 videte

38 1399 319 1445 concordiam
336 1437 346 1455 ,
378 1399 519 1445 videte
543 1400 821 1453 distantiam3
860 1401 1141 1447 concordiam
1168 1400 1315 1461 Legis,
1342 1399 1414 1444 di-

35 1469 237 1515 stantiam
259 1469 399 1532 plebis
413 1470 447 1515 5.
485 1470 740 1515 Celebratur
777 1471 946 1516 Pascha
973 1472 1018 1516 in
1054 1472 1187 1515 veteri
1216 1469 1384 1532 populo
1401 1504 1412 1523 ,

34 1539 145 1584 sicut
163 1539 295 1584 nostis
324 1538 539 1584 occisione
561 1538 660 1598 agni
686 1555 787 1584 cum
810 1538 971 1601 azymis
994 1556 1004 1582 ε
1031 1538 1108 1583 ubi
1138 1538 1297 1583 occisio
1319 1539 1411 1584 ovis

37 1608 264 1654 Christum
287 1608 521 1669 significat,
548 1626 699 1672 azyma
716 1619 861 1654 autem
876 1626 1035 1654 novam
1058 1609 1212 1664 vitam,
1235 1608 1321 1654 lioc
1335 1619 1414 1665 est,

34 1679 122 1725 sine
144 1689 354 1725 vetustate
367 1678 580 1725 fermenti.
608 1678 728 1724 Unde
741 1679 867 1724 nobis
892 1678 1121 1742 Apostolus
1135 1678 1271 1724 dicit:
1295 1700 1311 1719 o
1334 1681 1415 1724 Ex-

36 1767 59 1791 »
74 1759 258 1814 purgate
283 1759 406 1795 vetus
428 1749 708 1805 fermentum,
744 1759 792 1794 ut
817 1749 907 1795 sitis
931 1766 1044 1795 nova
1073 1749 1340 1813 conspersio,
1363 1750 1417 1795 si-

38 1817 60 1861 ἡ
78 1830 156 1866 cut
182 1819 281 1865 estis
313 1819 452 1883 azymi
475 1835 486 1864 ε
511 1819 681 1865 Pascha
709 1820 824 1865 enim
853 1830 1050 1865 nostrum
1082 1819 1332 1865 immolatus
1358 1831 1419 1865 est

38 1909 60 1932 υ
79 1890 326 1936 (ΖΙιΓίεωεὸ.
354 1911 374 1930 »
399 1889 675 1935 Celebratum
708 1900 771 1935 est
797 1907 896 1950 ergo
923 1890 1093 1949 Pascha
1117 1890 1160 1934 in
1189 1889 1264 1935 illo
1286 1891 1419 1936 veteri

36 1960 204 2026 populo
221 1998 231 2016 ,
254 1960 452 2006 nondum
477 1960 523 2005 in
552 1959 648 2005 luce
667 1960 879 2020 fulgente,
909 1960 981 2006 sed
1002 1960 1045 2005 in
1073 1961 1231 2006 umbra
1250 1961 1418 2020 signifi-

38 2042 161 2076 cante
183 2030 451 2076 celebratum
474 2041 563 2075 est:
596 2041 638 2076 et
672 2042 771 2094 post
795 2031 1111 2094 quinquaginta
1135 2030 1223 2076 dies
1250 2049 1272 2076 a
1304 2031 1419 2076 cele-

37 2099 234 2146 bratione
256 2100 458 2156 Paschze,
483 2101 594 2146 sicut
619 2112 879 2165 computans
903 2101 1093 2146 inveniet
1109 2101 1185 2163 qui
1205 2101 1390 2146 voluerit
1405 2139 1415 2156 ,

39 2170 169 2216 datur
193 2172 278 2216 Lex
304 2171 349 2216 in
371 2181 516 2215 monte
543 2171 645 2216 Sina
666 2209 676 2225 ‚
707 2173 869 2235 scripta
895 2171 1030 2231 digito
1058 2172 1151 2217 Dei.
1199 2171 1325 2216 Venit
1350 2188 1419 2216 ve-

39 2257 134 2286 rum
150 2241 339 2296 Pascha,
361 2240 612 2286 immolatur
628 2241 829 2287 Christus
848 2259 858 2286 :
881 2242 1112 2286 transitum
1124 2241 1228 2286 facit
1245 2260 1267 2286 a
1282 2253 1419 2287 morte

41 2310 95 2357 ad
106 2312 255 2357 vitam.
279 2311 504 2356 Transitus
517 2312 632 2356 enim
655 2311 967 2375 interpretatur
986 2311 1202 2356 Hebraice
1219 2312 1386 2357 Pascha
1406 2330 1416 2357 :

41 2381 158 2446 quod
181 2382 386 2446 expressit
414 2381 685 2441 Evangelista
710 2382 856 2428 diceus
876 2401 885 2428 :
910 2404 929 2423 «
953 2382 1067 2427 Cum
1091 2392 1235 2428 autem
1260 2383 1421 2429 veniret

43 2452 211 2516 »hora‚
240 2462 288 2499 ut
310 2453 511 2498 transiret
537 2453 660 2498 Jesus
680 2452 732 2498 de
762 2453 848 2499 hoc
873 2452 1040 2498 mundo
1061 2452 1117 2498 ad
1149 2453 1371 2500 Patr01117.
1406 2479 1424 2496 η

89 2557 99 2578 ¹
127 2555 222 2584 Rom.
243 2563 276 2590 v,
297 2563 348 2584 20.
363 2550 438 2575 -2
456 2552 537 2584 Psal.
558 2563 648 2591 xtui,
671 2566 702 2594 ⁴.)-
719 2571 760 2577 —
781 2550 794 2575 :3
812 2552 859 2585 Id.
875 2564 991 2590 xxxm,
1013 2554 1042 2583 3.
1068 2569 1114 2575 —-
1134 2548 1149 2574 ⁴
1167 2564 1183 2583 2
1205 2537 1365 2597 (oxu-1127
1389 2557 1419 2589 ἲ,

42 2603 112 2632 -5
129 2607 241 2639 Florus
255 2605 295 2638 ad
314 2606 491 2638 Hebr.x11.
511 2623 556 2632 -
575 2602 590 2627 ⁰
609 2618 621 2638 1
639 2608 714 2640 Cor.
731 2618 762 2646 v,
786 2619 815 2648 7.
832 2623 879 2631 —-
898 2605 911 2630 7
930 2609 1026 2640 Joan.
1043 2616 1121 2646 xur,
1145 2617 1173 2639 x.
