1866 3241
723 328 875 362 INDEX.

112 388 225 425 senno
308 398 393 426 exn.
421 391 469 427 De
484 393 593 427 verbis
608 392 772 439 Evangelii
789 397 886 429 Joan.
904 406 969 430 xiv.
992 411 1003 426 ι
1017 395 1085 442 Ego
1102 408 1172 431 sum
1185 399 1248 435 via.
1261 405 1293 434 et
1306 401 1389 434 veri-

438 461 450 476 »
474 453 531 487 tas,
550 448 670 480 etvita.
696 462 708 477 ι

288 517 387 538 cxnu.
418 507 466 539 De
495 508 604 540 iisdem
631 509 737 541 verbis
761 509 926 552 Evangelii
955 509 1049 543 Joan.
1079 521 1146 543 xiv.
1175 523 1191 540 «
1223 511 1292 554 Ego
1319 523 1388 544 sum

442 574 454 589 ι
476 571 540 599 via,
558 567 618 594 etc.
640 576 652 590 ι

272 631 388 653 cxmn.
414 622 463 654 De
489 621 595 654 vet-bis
618 623 784 664 Evangelii
810 623 907 655 Joan.
925 633 989 655 xvi.
1015 635 1032 653 «
1049 622 1117 664 Ego
1135 623 1304 656 veritatem
1317 624 1388 657 dico

437 686 453 703 »
472 673 572 710 vobis,
590 674 721 716 expedit
738 674 828 706 vobis
846 680 880 706 ut.
896 685 955 716 ego
971 674 1096 710 vadam.
1110 681 1168 708 etc.
1190 688 1206 706 »

285 741 389 766 cxmv.
415 734 464 766 De
488 733 594 766 verbis
618 735 736 767 eisdem
760 735 925 777 Evangelii
952 735 1045 767 Joan.
1067 746 1131 767 xvi.
1156 749 1169 764 α
1188 736 1259 778 Ipse
1276 744 1384 778 arguet

433 799 445 814 υ
469 787 623 819 mundum
640 787 679 818 de
694 792 836 829 peccato,
854 787 894 819 de
907 786 1041 828 justitia,
1058 792 1089 820 et
1108 787 1146 819 de
1159 787 1289 829 judicio.
1311 801 1328 819 »

291 858 383 879 cuv,
413 848 462 879 De
478 848 581 879 verbis
600 847 763 889 Evangelii
778 847 950 880 Joan.xv¹.
974 862 986 876 σ
1001 847 1111 890 Usque
1130 859 1216 880 nunc
1230 848 1309 880 nihil
1332 859 1388 891 pe-

433 913 446 928 ·
469 899 561 931 tiistis
576 901 607 931 in
624 900 752 931 nomine
764 910 847 931 meo.
863 913 875 928 a
897 899 938 931 Et
956 899 994 930 de
1017 899 1124 930 verbis
1147 899 1224 931 Luc.
1242 910 1274 931 x.
1293 913 1305 927 ι
1319 901 1385 932 Do-

433 965 446 979 »
466 951 564 990 mine,
580 961 652 983 ecce
667 951 698 982 in
714 951 844 983 nomine
859 956 914 983 tuo
926 956 958 983 et
971 950 1126 982 daemonia
1138 950 1229 982 nobis
1242 950 1382 993 subjecta

429 1016 441 1030 ν
465 1008 548 1034 suut.
568 1016 580 1030 n

271 1073 375 1093 cxzvx.
402 1063 449 1094 De
463 1062 565 1094 verbis
584 1062 748 1106 Evangelii
763 1063 857 1095 Joan.
875 1073 938 1094 xxi.
954 1076 966 1091 n
985 1061 1095 1094 Simon
1118 1062 1268 1100 Joannis,
1284 1062 1387 1105 diligis

433 1127 448 1143 υ
468 1115 542 1145 me?
560 1119 621 1146 etc.
638 1127 651 1142 n

263 1184 381 1206 cxnvu.
409 1175 457 1206 De
475 1173 585 1205 iisdem
599 1173 707 1205 verbis
727 1175 892 1215 Evangelii
911 1174 1004 1206 Joan.
1024 1185 1089 1207 xxi.
1115 1187 1131 1205 α
1158 1175 1266 1208 Simon
1283 1176 1383 1208 Joan-

431 1240 447 1257 η
466 1228 527 1265 nis,
544 1226 647 1267 diligis
663 1237 713 1258 me
728 1227 795 1269 plus
810 1227 882 1258 bis?
899 1233 958 1260 etc.
978 1242 990 1256 n

250 1298 384 1320 cmviii.
408 1288 457 1319 De
485 1287 589 1318 verbis
623 1289 758 1319 Actuum
788 1289 898 1329 Apost.
925 1298 952 1317 v.
985 1300 1001 1316 ιι
1020 1287 1136 1319 Nonne
1163 1298 1293 1320 manens
1319 1288 1376 1319 tibi

434 1353 449 1368 υ
469 1340 630 1378 manebat,
649 1345 720 1373 etc..
738 1352 753 1367 υ
780 1339 830 1370 die
848 1339 1019 1370 Dominico
1041 1346 1228 1372 octavarum
1253 1340 1381 1372 Paschae

426 1391 532 1422 dicun
548 1391 586 1421 ati
604 1397 728 1423 sanctos
742 1392 901 1433 Martyres
918 1390 1044 1432 viginti.

269 1463 373 1484 cxvx.
404 1453 440 1484 ln
456 1463 518 1495 quo
535 1452 724 1494 quaeztiones
742 1452 914 1493 propositae
932 1463 966 1483 ex
995 1450 1128 1483 Actibus
1154 1452 1379 1493 Apostolorum

429 1514 498 1546 cap.
536 1516 568 1542 x,
599 1509 630 1534 et
657 1514 693 1534 ex
721 1503 895 1543 Evangelio
915 1502 1095 1540 solvuntur,
1118 1503 1224 1534 sende
1239 1509 1376 1544 quatuor

425 1555 674 1597 quaeztionibus:
700 1555 821 1592 Prima,
840 1554 878 1585 de
892 1553 1013 1584 visione
1030 1554 1113 1585 Petri
1130 1565 1137 1590 ;
1163 1553 1322 1590 Sevunda,
1341 1554 1381 1586 de

425 1608 530 1638 verbis
549 1607 711 1648 Evangelii
728 1619 735 1637 ε
757 1620 768 1634 ι
787 1607 904 1637 Luceat
920 1606 1026 1637 lumen
1042 1612 1181 1637 vestrum
1195 1617 1302 1637 coram
1321 1606 1379 1637 tio-

427 1672 443 1688 »
461 1659 610 1692 minibus.
642 1664 675 1690 ut
700 1658 829 1689 videant
857 1657 939 1687 bona
962 1656 1042 1688 facia
1071 1663 1188 1693 vestra,
1211 1664 1271 1689 etc.
1296 1671 1308 1685 n
1334 1659 1374 1690 Et

430 1712 524 1752 paulo
539 1716 608 1751 post
623 1721 629 1740 :
654 1724 666 1738 α
685 1710 802 1740 Cavete
820 1707 1091 1748 tacerejusiiiiam
1110 1714 1246 1740 vestram
1264 1719 1371 1740 eoram

425 1775 437 1788 ι
463 1761 655 1796 hominibus,
685 1766 719 1791 ut
745 1759 914 1790 videamini
936 1759 976 1790 ab
999 1758 1058 1793 eis.
1082 1765 1141 1791 etc.
1159 1773 1171 1787 n
1192 1760 1315 1794 Tei-tia.
1332 1761 1371 1792 de

425 1812 531 1843 verbis
554 1811 717 1852 Evangelii
737 1822 744 1841 z
764 1823 780 1840 «
808 1810 934 1841 Nesciat
962 1809 1089 1841 sinistra
1119 1814 1170 1842 lua
1189 1810 1266 1852 quid
1282 1810 1376 1844 saciat,

418 1878 430 1893 ι
451 1865 582 1896 dexteia
600 1870 664 1895 tua.
680 1876 692 1891 ι
704 1863 842 1901 Quarta,
856 1861 893 1892 de
912 1860 1083 1892 dilectione
1099 1861 1231 1892 inimici.

317 1936 364 1956 ci..
393 1925 441 1955 De
465 1924 571 1955 verbis
589 1924 727 1955 Actuum
753 1923 863 1963 Apost.
880 1931 959 1952 xvii.
977 1933 993 1950 «
1013 1920 1153 1959 Quidam
1171 1926 1278 1953 autem
1297 1923 1372 1964 Epi-

417 1990 428 2004 ·
452 1976 537 2008 curci
557 1981 587 2007 et
601 1974 702 2007 Stoici
722 1973 902 2016 philosophi
917 1972 1114 2004 disserebant
1130 1983 1200 2003 cum
1216 1983 1263 2004 eu.
1279 1979 1340 2005 etc.
1355 1988 1366 2000 n

310 2050 372 2070 cm.
400 2038 449 2068 De
483 2036 589 2068 verbis
615 2034 784 2078 Apostoli,
815 2034 912 2065 Rom.
939 2043 997 2063 vit.
1031 2046 1044 2060 a
1069 2032 1140 2063 Non
1175 2032 1261 2064 enim
1288 2035 1374 2075 quod

415 2104 427 2118 ι»
452 2090 522 2121 volo
542 2112 551 2126 ,
576 2088 659 2120 facio
681 2087 826 2123 bonum;
853 2085 909 2118 sed
931 2083 1018 2127 quod
1044 2084 1117 2116 nolo
1141 2085 1258 2116 matum
1276 2107 1286 2123 ,
1312 2086 1371 2118 hoc

415 2156 427 2171 ι
452 2152 509 2183 ago
524 2163 533 2179 ‚
555 2146 615 2173 etc.
633 2154 646 2169 ι

291 2213 366 2233 cui.
394 2203 442 2233 De
469 2199 676 2243 sequentibus
701 2197 806 2230 verbis
825 2197 981 2237 Apostoli,
1004 2197 1095 2228 Rom.
1116 2207 1161 2227 vn
1184 2201 1216 2228 et
1231 2207 1302 2235 vni,
1322 2207 1376 2229 us-

424 2263 487 2295 que
505 2252 543 2283 ad
562 2263 569 2283 ε
595 2265 609 2279 α
627 2251 714 2282 Misit
733 2251 819 2281 Deus
836 2248 953 2281 Filium
969 2259 1060 2280 suum
1084 2248 1116 2280 iu
1133 2247 1376 2280 similitudinem

425 2319 436 2333 a
457 2304 559 2335 carnis
574 2304 707 2346 peccati,
727 2308 786 2334 etc.
808 2314 825 2331 υ

284 2376 373 2397 cun.
401 2365 450 2396 De
464 2364 572 2396 verbis
587 2363 746 2406 Apostoli,
763 2363 858 2394 Rom.
874 2372 932 2394 vn.
946 2361 1048 2394 «Cum
1062 2371 1198 2393 essemus
1216 2360 1247 2392 in
1260 2371 1368 2400 carne,

422 2431 435 2446 υ
459 2415 616 2458 passiones
633 2420 834 2457 peccatorum
851 2423 922 2456 quae
945 2424 1002 2455 per
1017 2414 1135 2454 Legem
1151 2418 1237 2451 sunt,
1256 2423 1373 2454 operao

419 2482 432 2496 n
456 2467 574 2498 bantur
605 2466 636 2497 in
664 2466 817 2497 membris
842 2465 959 2496 nostris
980 2486 990 2500 ‚
1019 2468 1054 2496 ut
1085 2462 1224 2495 fructum
1251 2463 1371 2499 ferrent

403 2533 432 2560 ⁴s»
456 2519 565 2555 morti.
588 2523 649 2552 etc.
664 2531 677 2545 ι»
709 2516 1056 2551 ContraManiehaeos
1078 2519 1202 2557 aperte,
1221 2519 1253 2547 et
1276 2516 1373 2549 tacite

425 2576 537 2604 contra
553 2570 751 2611 Pelagianos.

288 2641 374 2665 cuv.
403 2631 453 2664 De
468 2629 575 2664 verbis
597 2629 751 2673 Apostoli,
774 2629 867 2664 Rom.
896 2640 956 2662 vn.
974 2641 991 2658 «
1012 2627 1136 2662 Scimus
1150 2627 1225 2672 quia
1246 2627 1294 2662 lex
1312 2629 1375 2673 spi-

1400 318 1492 386 573

1434 453 1492 484 205

1430 565 1492 597 206

1431 678 1492 710 216

1431 801 1485 821 221

1429 1016 1489 1047 227

1425 1117 1484 1148 236

1427 1229 1487 1270 239

1421 1975 1480 2005 255

1418 2141 1478 2173 266

1417 2302 1476 2343 275

1420 2567 1481 2601 285
