1866 3241
125 335 268 364 senno
305 333 422 364 mm.
462 332 516 362 1ης
553 332 710 361 11111515
746 327 910 360 1111111116.
955 329 1084 360 JOAN.
1127 330 1219 362 xlv.
1297 314 1388 362 205

31 399 113 446 acti
136 409 249 445 sunt.
275 398 436 446 Verba.
467 398 646 460 inquam
666 434 676 445 .
703 394 897 459 Apostoli
922 404 1022 440 sunt
1048 412 1059 440 ε
1087 415 1106 436 α
1125 395 1326 444 Dicentes
1349 414 1391 444 se

23 494 35 514 ›
56 487 141 517 esse
166 470 395 533 sapientes,
422 468 541 514 stulti
566 468 668 513 facti
694 477 807 513 sunt.
835 489 855 508 »

76 540 159 587 ΙΙΙ.
177 539 385 596 Ostende,
399 538 538 603 proba
551 537 778 583 stultitiam
789 537 998 600 ipsorum.
1011 535 1218 589 Ostende,
1244 539 1387 603 Apos-

31 609 93 658 ole
109 647 120 663 ‚
149 620 191 655 et
217 609 328 655 sieut
353 608 574 655 ostendisti
611 607 737 653 nohis
763 606 878 652 unde
906 616 1144 670 potuerunt
1166 610 1388 671 pervenire

37 680 67 727 d
90 679 380 740 cognitionem
406 679 502 735 Dei,
525 678 732 742 quoniam
760 676 995 723 invisibilia
1017 681 1108 737 ejus
1126 695 1268 741 perca
1287 697 1387 744 quae

29 760 121 798 acta
137 760 237 796 sunt
260 749 474 795 intellecta
494 749 850 812 conspiciuntur:
869 748 928 793 ita
941 764 1060 793 nune
1078 748 1252 794 ostende
1271 767 1387 813 quo-

57 820 140 866 odo
164 820 354 866 dicentes
376 836 417 864 se
442 818 762 882 essesapientes
780 856 791 869 q
819 817 935 863 5111111
962 817 1066 863 sacti
1091 829 1205 865 sunt.
1237 819 1352 867 Audi
1373 839 1384 867 :

59 890 128 936 uia
145 890 502 939 immutaverunt.
521 890 596 945 ait,
614 888 793 948 gloriam
814 888 1158 951 incorruptibilis
1175 889 1254 935 Dei
1274 890 1318 936 in
1327 891 1389 938 si..

56 960 301 1007 ilitudinem
328 960 525 1021 imaginis
539 959 837 1024 corruptibilis
856 959 1062 1015 hominis,
1084 969 1127 1005 et
1140 959 1385 1020 volucrum,

38 1031 411 1095 tquadrupedum
429 1068 439 1080 ,
474 1041 516 1075 et
547 1030 823 1094 serpentium.
860 1030 1035 1089 Figuras
1068 1030 1183 1075 enim
1208 1030 1391 1079 istorum

36 1101 287 1156 nimalium,
315 1101 398 1145 sihi
421 1100 522 1145 deos
555 1100 719 1160 Pagani
748 1100 956 1146 fecerunt.
989 1100 1197 1146 Invenisti
1222 1102 1384 1161 Deum,

6 1224 7 1229 Ἰ
32 1182 49 1216 t
72 1171 175 1218 colis
193 1170 374 1218 idolum.
406 1171 615 1217 Invenisti
648 1171 871 1217 veritatem
887 1209 898 1228 ,
925 1181 966 1215 et
998 1170 1138 1234 ipsam
1165 1172 1389 1221 veritatem

0 1296 1 1299 Ἴ
26 1260 54 1287 11
84 1241 296 1301 injustitia
325 1241 502 1288 detines.
538 1243 591 1286 Et
618 1241 738 1305 quod
759 1259 838 1306 per
856 1241 937 1287 Dei
961 1258 1093 1304 opera
1116 1244 1384 1304 cognovisti,

42 1329 86 1358 er
104 1329 235 1376 opera
246 1311 606 1376 hominisperdis.
629 1314 789 1357 Totum
801 1311 1097 1362 considerasti,
1109 1312 1228 1371 coeli,
1243 1324 1386 1372 terrae,

23 1383 155 1441 naris,
179 1383 575 1447 elementorumque
593 1384 789 1429 omnium
808 1382 1004 1428 ordinem
1019 1382 1252 1442 collegisti:
1272 1384 1390 1432 istud

22 1471 95 1500 ion
116 1454 180 1501 vis
206 1454 425 1500 attendere
442 1491 452 1510 ‚
492 1454 611 1517 quod
648 1454 838 1500 mundus
871 1470 981 1517 opus
1002 1464 1065 1499 est
1087 1454 1169 1500 Dei
1188 1492 1200 1512 ,
1222 1455 1390 1503 idolum

0 1540 5 1569 1
35 1542 117 1589 pus
136 1536 195 1570 est
214 1525 343 1571 fabri.
372 1525 418 1570 Si
442 1525 565 1571 fabor
587 1525 724 1582 idolo,
756 1526 867 1571 sicut
885 1525 1007 1570 dedit
1029 1526 1209 1585 figuram
1227 1565 1240 1584 ,
1269 1528 1391 1575 daret

0 1605 51 1640 ¹et
72 1612 163 1651 cor,
195 1595 251 1640 ab
278 1595 371 1658 ipso
407 1595 522 1639 idolo
545 1595 669 1639 faber
692 1596 958 1640 adoraretur.
992 1595 1227 1650 Quomodo
1251 1598 1384 1656 enim,

57 1665 206 1721 homo,
233 1665 354 1710 faber
381 1675 479 1710 tuus
510 1665 626 1709 Deus
649 1674 727 1720 est,
754 1664 815 1710 sic
849 1664 983 1709 homo
1019 1663 1125 1710 idoli
1158 1664 1282 1713 faber
1303 1680 1380 1717 est.

25 1735 118 1792 Quis
145 1746 206 1781 est
236 1738 353 1780 Deus
380 1738 513 1780 tuus‘)
540 1734 629 1791 Qui
668 1745 705 1780 te
728 1734 846 1781 fecit.
879 1734 988 1791 Quis
1013 1745 1076 1780 est
1098 1735 1214 1782 Deus
1235 1737 1386 1786 fabri?

25 1805 98 1863 Qui
141 1805 264 1851 illum
287 1805 403 1851 fecit.
443 1805 551 1860 Quis
593 1814 655 1849 est
680 1806 795 1850 Deus
835 1804 973 1850 idoli?
1009 1805 1099 1862 Qui
1131 1806 1234 1852 fecit
1255 1807 1379 1858 illud.

11 1877 121 1935 Ergo
145 1876 177 1921 si
209 1874 375 1920 idolum
400 1892 474 1920 cor
497 1874 680 1920 haberet
695 1912 705 1931 ,
729 1892 871 1920 nonne
895 1874 1072 1921 fabrum
1092 1876 1289 1924 adoraret
1311 1880 1389 1943 qui

7 1944 115 1991 'illud
139 1946 271 1991 fecit‘)
299 1947 411 1990 Eece
431 1945 475 1990 in
500 1962 585 2008 qua
621 1945 850 2008 iniquitate
872 1945 1097 1991 veritatem
1124 1957 1383 2007 tenuerunt,

11 2025 52 2060 et
84 2016 138 2062 ad
170 2016 478 2080 possessionem
507 2015 626 2061 illam
665 2033 795 2078 quam
821 2015 1052 2074 viderunt,
1079 2017 1195 2064 viam
1217 2019 1388 2083 perdu-

13 2097 178 2132 centem
204 2104 291 2132 non
314 2097 584 2134 invenerunt.

73 2157 146 2203 JV.
180 2156 380 2201 Christus
403 2169 564 2213 autem,
593 2157 695 2221 quia
709 2157 800 2221 ipse
820 2168 881 2203 est
903 2157 1022 2221 apud
1041 2158 1214 2205 Patrem
1233 2162 1391 2210 veritas

13 2237 53 2273 et
73 2228 183 2283 vita,
203 2227 397 2273 Verbum
420 2227 499 2272 Dei
513 2264 523 2282 ‚
553 2226 605 2271 de
628 2243 715 2289 quo
730 2228 898 2274 dictum
925 2239 987 2274 est
1015 2246 1025 2274 ε
1047 2250 1067 2271 «
1086 2229 1184 2276 Vita
1206 2242 1297 2278 erat
1317 2233 1390 2281 lux

14 2319 34 2340 »
55 2298 282 2344 hominum
302 2297 319 2326 1
349 2315 358 2342 ε
390 2319 409 2338 »
434 2297 534 2360 quia
560 2314 658 2356 ergo
683 2296 773 2359 ipse
796 2307 858 2341 est
882 2299 1000 2360 apud
1026 2300 1201 2346 Patrem
1231 2304 1390 2350 veritas

14 2378 54 2413 et
72 2369 177 2416 vita.
202 2379 242 2413 et
258 2386 346 2414 non
372 2368 648 2413 habebamus
674 2383 760 2431 qua
779 2367 937 2413 iremus
958 2367 1013 2413 ad
1036 2368 1283 2428 veritatem,
1312 2374 1388 2419 Fi-

15 2436 94 2484 lius
114 2438 191 2484 Dei
206 2439 281 2502 qui
297 2455 465 2502 semper
482 2438 526 2483 111
540 2438 667 2482 Patre
690 2437 844 2483 veritas
863 2448 905 2483 et
925 2438 1014 2484 vita
1034 2449 1113 2495 est,
1132 2444 1389 2491 assumendo

14 2508 232 2555 hominem
262 2509 401 2555 factus
428 2520 490 2554 est
513 2509 596 2555 via.
627 2508 814 2554 Ambula
842 2526 921 2573 per
945 2509 1193 2569 hominem,
1218 2524 1262 2559 et
1283 2532 1388 2579 per-

15 2580 130 2626 venis
151 2580 206 2626 ad
227 2581 380 2627 Deum.
413 2581 497 2626 Per
527 2580 671 2643 ipsum
705 2580 826 2626 vadis
842 2618 852 2635 ,
882 2580 935 2627 ad
961 2581 1105 2645 ipsum
1126 2583 1262 2633 vadis.
1289 2586 1389 2637 Noli

2 2701 4 2731 ἱ
64 2668 226 2708 ¹Joan.1‚
242 2675 273 2706 4.

2 2739 3 2754 1
