1866 3241
1833 0 1838 165 l

1832 201 1836 273 ι

448 268 506 323 ὂῖ
866 293 899 323 S.
943 290 1187 324 AUGUSTINI
1224 289 1426 325 Episcopi

445 375 533 403 non
558 366 768 404 curantes.
803 356 885 403 Sed
906 358 1000 421 quis
1021 360 1203 405 curabat
1223 363 1428 419 aegrotos?
1453 359 1540 416 Qui
1579 354 1812 406 descende-

447 428 524 474 bat
562 428 607 475 in
641 428 865 492 piscinam.
907 429 1094 485 Quando
1129 442 1269 476 autem
1310 430 1597 476 descendebat
1630 448 1740 490 aeger
1769 430 1813 478 in

446 498 691 563 piscinam?
721 500 831 544 Cum
856 499 1042 557 Angelus
1072 501 1235 559 signnm,
1264 500 1396 545 dabat
1430 501 1482 545 de
1514 516 1638 563 aquae
1675 510 1807 548 motu.

450 568 522 613 sic
540 568 654 613 enini
671 579 761 613 erat
778 569 1042 614 sanctificata
1065 570 1134 615 illa
1155 571 1229 633 pis-1
1254 571 1338 625 ina,
1364 580 1410 614 ut
1430 570 1618 629 Angelus
1634 570 1810 628 veniret,

446 649 489 684 et
523 648 711 684 moveret
752 655 922 700 aquam.
970 640 1173 685 llomines
1205 657 1359 702 aquam
1396 639 1637 684 videbant:
1662 639 1731 685 sed
1769 657 1816 686 ex

447 718 568 754 motu
595 724 718 770 aquae
743 708 928 753 turbatae
951 709 1245 769 intelligebant
1274 709 1544 771 pra‘sentiam
1575 709 1736 768 Angeli.
1772 709 1816 756 Si

447 778 543 840 quis
569 788 671 822 tunc
690 776 990 833 descendisset,
1018 780 1267 824 curabatur.
1294 780 1438 833 Quare
1458 795 1557 837 ergo
1582 777 1651 823 illc
1675 795 1814 838 aegro·-
1830 780 1839 828 la

449 858 518 893 tus
532 865 618 893 non
635 848 897 894 curabatur?
918 849 1245 894 Consideremus
1264 848 1395 893 verba
1414 848 1549 911 ipsius
1577 865 1587 892 ε
1619 869 1639 888 «
1660 849 1815 894 Homi-
1830 829 1841 896 li

448 939 469 960 2>
492 935 607 971 nem,
638 917 796 980 inquit,
835 935 921 963 non
959 919 1100 964 habeo
1123 957 1133 973 ,
1163 929 1210 963 ut
1245 934 1344 962 cum
1372 927 1486 962 mota
1524 916 1654 962 fuerit
1681 897 1839 994 aqua‚[:

446 1007 467 1028 >³
491 986 682 1050 deponat
704 1004 769 1032 me
795 987 841 1032 in
866 988 1075 1050 piscinam
1099 1006 1110 1033 z
1138 1005 1236 1033 cum
1261 987 1375 1032 enini
1410 987 1534 1031 venio
1555 1024 1564 1038 ,
1593 986 1816 1032 descendit

448 1077 470 1098 ›>
495 1055 646 1103 alius1.
675 1077 695 1097 »
722 1057 833 1116 Ergo
857 1068 901 1102 tu
932 1075 1016 1102 non
1036 1068 1156 1120 potes
1178 1067 1323 1120 postea
1347 1055 1628 1108 descendere,
1655 1057 1687 1101 si
1713 1055 1818 1103 alter

449 1136 545 1172 ante
568 1136 608 1171 te
626 1125 887 1172 descendat?
912 1128 1210 1187 Significatum
1231 1137 1291 1171 est
1318 1126 1391 1171 hic
1413 1163 1424 1177 ,
1448 1126 1548 1189 quia
1571 1143 1657 1171 non
1685 1143 1814 1172 cura-

449 1196 580 1241 batur
604 1196 683 1241 nisi
704 1213 815 1241 unus
834 1196 886 1241 ad
912 1208 1075 1242 motum
1095 1214 1232 1259 aqu-ee.
1265 1196 1471 1258 Quisquis
1502 1196 1621 1259 prior
1639 1195 1817 1241 descen-
1828 1177 1844 1264 ι

448 1265 602 1321 disset,
625 1266 716 1329 ipse
756 1266 869 1311 solus
903 1269 1170 1312 curabatur:
1195 1267 1460 1329 quicumque
1494 1277 1637 1311 autem
1672 1260 1842 1328 posteal‘

449 1335 733 1381 descendisset
748 1373 759 1390 ,
783 1335 837 1381 ad
862 1335 983 1382 illum
1022 1348 1186 1382 motum
1209 1352 1333 1398 aquae
1354 1353 1440 1381 non
1467 1337 1722 1388 sanabatur3
1749 1326 1831 1385 sedi

449 1405 704 1469 expectabat
740 1405 879 1450 donec
915 1407 1070 1452 iterum
1094 1417 1350 1452 moveretur.
1385 1405 1473 1461 Qui
1497 1406 1578 1451 sibi
1602 1404 1695 1450 vult
1721 1400 1841 1471 ergojf

449 1475 536 1521 hoc
572 1478 921 1520 sacramentum?
963 1478 1059 1522 Non
1097 1477 1210 1521 enim
1236 1476 1322 1520 sine
1356 1491 1482 1520 causa
1508 1485 1582 1521 est.
1618 1473 1830 1551 Intendatl

453 1544 824 1590 CharitasVestra.
853 1548 988 1607 Aqua-3
1004 1546 1158 1609 positae
1179 1545 1331 1590 suntin
1350 1543 1610 1607 Apocalypsi
1630 1544 1673 1589 in
1687 1544 1830 1604 figura}

450 1613 728 1678 populorum.
757 1614 868 1659 Nam
894 1632 994 1660 cum
1030 1616 1186 1660 multas
1216 1631 1345 1677 aquas
1389 1613 1593 1670 vidisset,
1621 1609 1830 1677 quaesivit}

451 1685 636 1729 Joannes
666 1683 711 1728 in
738 1683 997 1748 Apocalypsi
1022 1685 1128 1748 quid
1154 1694 1282 1736 esset,
1325 1694 1366 1728 et
1390 1683 1556 1728 dictum
1589 1694 1650 1728 est
1673 1683 1711 1728 ei
1734 1680 1829 1746 p0-i

450 1753 576 1817 pulos
592 1770 678 1798 esse
696 1753 729 1799 2.
757 1754 880 1816 Aqua
897 1771 995 1814 ergo
1016 1755 1087 1800 illa
1110 1753 1323 1817 populum
1349 1753 1621 1812 significabat
1639 1753 1660 1797 J
1672 1752 1828 1826 udaeo-{

451 1841 561 1871 rum.
588 1824 710 1868 Sicut
743 1823 856 1869 enim
887 1825 1076 1888 populus
1118 1825 1187 1870 ille
1214 1824 1442 1869 tenebatur
1482 1824 1676 1886 quinque
1701 1823 1828 1874 libris}

451 1894 593 1957 Moysi
614 1893 660 1938 in
684 1895 794 1952 Lege
814 1930 824 1947 ‚
847 1893 907 1939 sic
925 1906 965 1939 et
990 1912 1100 1957 aqua
1121 1894 1191 1939 illa
1226 1894 1419 1956 quinque
1453 1893 1698 1956 porticibus
1728 1892 1823 1936 cin—

452 1964 645 2023 gebatur.
674 1962 860 2018 Quando
887 1964 1061 2009 turbata
1080 1974 1140 2008 est
1157 1966 1303 2025 aqua?
1325 1961 1513 2018 Quando
1536 1961 1737 2007 turbatus
1760 1970 1827 2024 est¹

450 2033 642 2097 populus
676 2032 945 2080 sud-aeorum.
986 2035 1041 2078 Et
1081 2032 1257 2096 quando
1290 2032 1490 2077 turbatus
1525 2043 1586 2077 est
1628 2025 1828 2094 populus

450 2103 723 2157 Judaeorum‚
746 2102 826 2147 nisi
861 2103 1038 2166 quando
1061 2103 1178 2148 venit
1201 2103 1407 2147 Dominus
1439 2103 1561 2146 «lesus
1592 2101 1792 2146 Christus
1803 2103 1826 2160 ἱ),

450 2172 596 2217 Passio
613 2171 808 2225 Domini,
828 2189 953 2235 aquae
967 2172 1172 2218 turbatio.
1199 2171 1383 2216 Turbati
1407 2181 1506 2216 sunt
1525 2171 1636 2216 enirn
1653 2162 1826 2226 ‚ludaei‚‘

451 2241 626 2305 quando
665 2257 814 2305 passus
852 2252 914 2286 est
942 2242 1164 2287 Dominus.
1201 2242 1311 2286 Ecce.
1339 2240 1391 2285 ad
1426 2241 1562 2304 ipsam
1585 2242 1826 2309 perturba-5

449 2313 608 2357 tionem
646 2311 834 2375 pertinet
867 2311 984 2374 quod
1022 2311 1150 2357 modo
1187 2310 1423 2369 legebatur.
1459 2310 1669 2355 Volebant
1696 2311 1825 2380 illum}

450 2381 593 2426 suda-i
618 2379 835 2435 occidere,
864 2398 948 2426 non
970 2380 1104 2426 solum
1148 2380 1247 2443 quia
1272 2380 1350 2425 ista
1380 2379 1567 2425 faciebat
1599 2380 1790 2426 sabbatis
1806 2381 1824 2446 ‚j

448 2451 520 2498 sed
546 2451 645 2513 quia
672 2449 824 2496 Filium
850 2450 925 2495 nvi
943 2467 984 2495 se
1004 2449 1194 2500 (licebat,
1213 2448 1420 2512 arqualem
1442 2465 1482 2493 se
1500 2448 1660 2494 faciens
1683 2448 1824 2510 Deo-²25

451 2520 584 2568 Aliter
601 2520 714 2565 enim
733 2537 775 2566 se
795 2519 973 2567 dicebat
994 2519 1151 2565 Filium
1172 2519 1246 2564 Dei
1269 2518 1487 2574 Christus,
1510 2518 1635 2565 aliter
1653 2518 1823 2589 dictumj

1836 1062 1843 1101 ᾇ

499 2610 509 2632 ¹
527 2609 623 2642 Joau.
638 2618 670 2651 V,
687 2618 769 2648 7,*-
786 2606 802 2631 2
820 2610 919 2652 Apoc.
941 2618 1024 2650 xvu,
1044 2609 1097 2641 15.
1114 2624 1160 2632 -
1183 2604 1196 2629 ³
1213 2609 1310 2640 Joan.
1328 2618 1358 2648 v,
1378 2608 1430 2641 18.
