1866 3241
226 298 367 327 salmo
403 298 500 337 etv,
541 297 595 327 niz
634 297 790 328 VERBIS
828 298 979 328 Arosr.
1023 299 1129 329 non.
1171 299 1270 330 v111.
1343 280 1438 329 325

67 381 88 402 »
111 362 224 406 rabit
243 361 296 407 de
315 379 496 426 corporo
510 363 658 408 mortis
674 362 864 423 hujussla
885 385 904 404 »
923 363 1037 419 Quia
1055 363 1254 409 Christus
1275 364 1396 409 Jesus
1421 381 1432 407 ε

63 452 84 472 κ
111 431 156 476 Si
177 432 366 495 Spiritus
391 437 481 492 eJ'us
506 433 680 479 habitat
700 435 740 479 in
769 433 912 488 vobis,
935 433 1179 479 vivificabit
1202 445 1244 478 et
1271 444 1437 479 morta-

62 522 82 542 »
105 500 163 547 lia
190 518 375 566 corpora
408 514 560 550 vestra.
589 526 608 544 »
634 504 706 550 Sic.
732 504 984 549 liberaberis
1007 504 1060 549 de
1086 520 1267 567 corpore
1292 503 1440 549 mortis

61 570 195 631 hujus
213 608 224 627 ‚
246 589 333 618 non
358 590 516 637 corpus
544 591 631 620 non
656 574 888 629 habendo,
907 573 975 619 vel
999 573 1183 619 alterum
1205 573 1410 618 habendo
1424 610 1436 629 ,

61 641 134 688 sed
157 659 242 688 non
270 642 447 689 ulterius
468 645 705 691 moriendo.
742 645 788 691 Si
807 645 922 690 enim
943 662 1030 690 non
1051 644 1230 690 adderet
1253 661 1264 688 ι
1286 665 1306 685 «
1324 643 1441 688 Mor-

63 733 83 754 »
107 712 162 757 tis
192 713 348 774 hujus,
378 736 398 756 ›>
421 726 463 760 et
500 715 663 761 diceret
690 734 700 760 :
728 736 748 757 κ
781 715 891 772 Quis
916 733 984 761 me
1014 715 1222 761 liberabit
1252 713 1305 760 (le
1341 731 1443 760 cor-

64 802 84 824 »
106 787 241 846 pore?
267 807 285 824 υ
305 784 415 831 forte
437 797 734 846 suggereretur
767 802 885 831 error
917 786 1170 846 cogitationi
1202 785 1410 830 humanae
1429 821 1439 833 .

62 863 103 897 et
131 852 381 900 diceretur:
418 856 547 902 Vides
577 857 680 920 quia
718 873 806 902 non
829 855 924 902 vult
958 857 1073 902 Deus
1109 872 1187 901 nos
1222 872 1309 901 esse
1343 871 1445 899 cum

63 928 276 987 corpore?
296 946 316 966 «
341 927 406 971 De
429 943 628 991 corpore,
655 927 818 990 inquit,
851 927 1003 972 mortis
1034 927 1181 987 hujus.
1209 947 1230 967 »
1260 926 1447 971 Mortem

65 993 192 1051 tolle,
223 1006 264 1041 et
294 997 461 1042 bonum
488 1009 551 1043 est
583 1015 759 1061 corpus,
791 997 1057 1044 Detrahatur
1078 1015 1193 1043 mors
1214 996 1448 1042 novissima

62 1063 258 1122 inimica,
276 1077 319 1112 et
335 1068 416 1113 erit
436 1068 544 1113 mihi
563 1069 609 1114 in
630 1079 842 1114 aeternum
862 1085 963 1114 caro
980 1086 1072 1114 mea
1094 1068 1246 1115 amica.
1267 1088 1287 1109 «
1308 1067 1445 1112 Nemo

63 1154 85 1174 >³
108 1134 222 1180 enim
247 1153 441 1200 unquam
475 1154 647 1183 carnem
673 1155 793 1184 suam
821 1137 922 1183 odio
958 1138 1165 1185 habuit2.
1193 1159 1214 1179 >³
1242 1137 1333 1183 Etsi
1358 1136 1446 1200 spi-

63 1203 171 1248 ritus
209 1206 483 1269 concupiscit
516 1217 668 1252 contra
717 1225 891 1253 carnem
911 1245 922 1264 ‚
956 1218 997 1253 et
1031 1225 1132 1254 caro
1172 1205 1447 1270 concupiscit

65 1272 269 1320 adversus
291 1276 519 1339 spiritum;
546 1277 624 1323 etsi
650 1277 782 1323 modo
811 1278 898 1323 rixa
916 1287 979 1323 est
998 1278 1044 1323 in
1066 1278 1145 1323 ista
1172 1277 1326 1333 domo,
1355 1292 1444 1320 ma-

65 1342 172 1388 ritus
203 1344 399 1405 litigans,
433 1365 520 1392 non
556 1348 795 1411 perniciem
815 1385 825 1403 ,
861 1347 932 1393 scd
975 1347 1255 1393 concordiam
1285 1344 1446 1408 quaerit.

67 1414 225 1460 uxoris.
245 1415 387 1471 Absit,
408 1416 562 1462 fratres
580 1418 679 1472 mei,
701 1418 817 1462 absit
831 1428 878 1463 ut
896 1418 1073 1480 spiritus
1092 1415 1447 1480 concupiscendo

66 1493 217 1528 contra
247 1501 420 1530 carnem
453 1486 593 1531 oderit
625 1503 816 1533 carnem.
854 1486 969 1531 Vitia
1004 1487 1146 1532 carnis
1181 1485 1297 1541 odit,
1334 1501 1448 1548 pru-

67 1550 258 1598 dentiam
282 1556 422 1600 carnis
451 1555 566 1611 odit,
596 1556 917 1601 contentionem
940 1556 1091 1601 mortis
1115 1555 1222 1601 odit.
1252 1555 1446 1618 Corrup-

68 1621 189 1667 tibile
213 1623 298 1670 hoc
321 1625 475 1671 induat
498 1626 892 1690 incorruptionem,
921 1637 965 1672 et
985 1625 1166 1672 mortale
1185 1626 1272 1671 hoc
1290 1625 1448 1670 induat

66 1690 453 1752 immortalitatem,
474 1697 709 1742 seminetur
732 1714 891 1760 corpus
914 1696 1115 1751 animale,
1141 1705 1336 1755 resurgat
1351 1712 1446 1740 cor-

68 1779 151 1826 pus
170 1765 362 1828 spiritale
380 1767 416 1823 3‚
444 1778 486 1813 et
515 1767 682 1813 videbis
708 1767 884 1831 plenam
908 1767 1235 1831 perfectamque
1258 1782 1447 1811 concor-

69 1831 212 1891 diam,
248 1836 416 1883 videbis
447 1848 692 1883 creaturam
714 1837 892 1884 laudare
918 1837 1169 1883 Creatorem
1191 1853 1201 1880 z
1223 1857 1243 1876 r<
1269 1835 1315 1880 Si
1347 1853 1447 1895 ergo

70 1923 90 1944 >³
110 1903 301 1967 Spiritus
325 1909 361 1968 ej
370 1925 416 1953 us
433 1908 510 1971 qui
530 1908 752 1954 suscitavit
771 1908 795 1952 J
799 1925 919 1953 esum
939 1926 963 1953 a
982 1907 1165 1952 mortuis
1178 1943 1188 1962 ‚
1212 1905 1386 1951 habitat
1402 1906 1449 1950 in

71 1992 91 2014 »
113 1974 264 2029 vobis;
292 1977 369 2039 qui
397 1978 621 2024 suscitavit
656 1978 885 2024 Christum
915 1996 938 2023 a
967 1978 1149 2023 mortuis
1167 2013 1178 2028 ,
1203 1975 1451 2022 vivificabit

71 2060 92 2082 >2
114 2053 155 2086 ct
178 2045 377 2089 mortalia
403 2061 586 2107 corpora
604 2055 762 2100 vestra,
796 2057 978 2108 propter
1000 2047 1322 2091 inhabitantem
1350 2045 1448 2108 Spi-

73 2132 93 2152 »
116 2111 250 2158 ritum
276 2117 367 2173 ejus
387 2114 464 2177 qui
488 2114 663 2160 habitat
684 2114 730 2160 in
752 2115 873 2161 vobis
895 2132 905 2159 ς
935 2135 956 2156 ›>
976 2115 1075 2160 Non
1097 2125 1279 2178 propter
1298 2116 1452 2160 merita

73 2193 228 2239 vestra,
240 2183 312 2229 sed
321 2195 501 2248 propter
508 2202 684 2231 munera
692 2201 782 2232 sua.
800 2185 1006 2231 Conversi
1023 2185 1077 2231 ad
1087 2185 1342 2241 Dominum,
1359 2195 1443 2234 etc.

120 2271 131 2294 ¹
154 2276 245 2305 Rom.
266 2285 326 2317 vn,
344 2282 400 2312 24,
421 2273 493 2298 —2
511 2274 627 2319 Ephes.
642 2286 672 2315 v,
691 2286 745 2316 29.
762 2291 808 2299 -—
826 2271 840 2297 3
860 2287 872 2306 1
898 2276 973 2307 Cor.
987 2285 1040 2315 xv,
1055 2276 1111 2314 53,
1132 2275 1186 2312 54.
