<?xml version="1.0" encoding="UTF-8"?>
<!DOCTYPE html PUBLIC "-//W3C//DTD XHTML 1.0 Transitional//EN"
    "http://www.w3.org/TR/xhtml1/DTD/xhtml1-transitional.dtd">
<html xmlns="http://www.w3.org/1999/xhtml" xml:lang="en" lang="en">
 <head>
  <title>
</title>
<meta http-equiv="Content-Type" content="text/html;charset=utf-8" />
  <meta name='ocr-system' content='tesseract 3.04.00' />
  <meta name='ocr-capabilities' content='ocr_page ocr_carea ocr_par ocr_line ocrx_word'/>
</head>
<body>
  <div class='ocr_page' id='page_1' title='image "./operaomniaaccura19auguuoft_0373.png"; bbox 0 0 1866 3241; ppageno 0'>
   <div class='ocr_carea' id='block_1_1' title="bbox 23 206 1440 270">
    <p class='ocr_par' dir='ltr' id='par_1_1' title="bbox 23 206 1440 270">
     <span class='ocr_line' id='line_1_1' title="bbox 23 206 1440 270; baseline 0.006 -11"><span class='ocrx_word' id='word_1_1' title='bbox 23 206 25 270; x_wconf 62' lang='lat' dir='ltr'>j</span> <span class='ocrx_word' id='word_1_2' title='bbox 224 229 367 260; x_wconf 65' lang='lat' dir='ltr'><strong>snmuo</strong></span> <span class='ocrx_word' id='word_1_3' title='bbox 404 228 503 269; x_wconf 59' lang='grc' dir='ltr'>(τως,</span> <span class='ocrx_word' id='word_1_4' title='bbox 541 229 597 258; x_wconf 85' lang='lat' dir='ltr'><strong>DE</strong></span> <span class='ocrx_word' id='word_1_5' title='bbox 633 228 792 258; x_wconf 68' lang='lat' dir='ltr'><strong>vnaius</strong></span> <span class='ocrx_word' id='word_1_6' title='bbox 829 228 980 261; x_wconf 68' lang='lat' dir='ltr'><strong>Apos&#39;r.</strong></span> <span class='ocrx_word' id='word_1_7' title='bbox 1030 232 1042 262; x_wconf 91' lang='lat'>1</span> <span class='ocrx_word' id='word_1_8' title='bbox 1088 233 1187 265; x_wconf 77' lang='lat' dir='ltr'><strong>con.</strong></span> <span class='ocrx_word' id='word_1_9' title='bbox 1237 233 1273 266; x_wconf 93' lang='lat'><strong>1.</strong></span> <span class='ocrx_word' id='word_1_10' title='bbox 1348 219 1440 266; x_wconf 80' lang='lat'><strong>363</strong></span> 
     </span>
    </p>
   </div>
   <div class='ocr_carea' id='block_1_2' title="bbox 0 293 1445 1687">
    <p class='ocr_par' dir='ltr' id='par_1_2' title="bbox 20 293 1441 414">
     <span class='ocr_line' id='line_1_2' title="bbox 21 293 1441 364; baseline 0.004 -24"><span class='ocrx_word' id='word_1_11' title='bbox 21 299 24 363; x_wconf 60' lang='lat'>1</span> <span class='ocrx_word' id='word_1_12' title='bbox 64 311 212 341; x_wconf 87' lang='lat' dir='ltr'><strong>carnes</strong></span> <span class='ocrx_word' id='word_1_13' title='bbox 234 305 400 341; x_wconf 83' lang='lat' dir='ltr'><strong>vestrae.</strong></span> <span class='ocrx_word' id='word_1_14' title='bbox 426 293 618 339; x_wconf 85' lang='lat' dir='ltr'><strong>Ascende</strong></span> <span class='ocrx_word' id='word_1_15' title='bbox 633 293 680 339; x_wconf 90' lang='lat' dir='ltr'><strong>in</strong></span> <span class='ocrx_word' id='word_1_16' title='bbox 700 303 880 350; x_wconf 81' lang='lat' dir='ltr'><strong>tectum,</strong></span> <span class='ocrx_word' id='word_1_17' title='bbox 899 294 1020 341; x_wconf 82' lang='lat' dir='ltr'><strong>calca</strong></span> <span class='ocrx_word' id='word_1_18' title='bbox 1043 313 1237 355; x_wconf 84' lang='lat' dir='ltr'><strong>carnem,</strong></span> <span class='ocrx_word' id='word_1_19' title='bbox 1264 309 1306 345; x_wconf 89' lang='lat' dir='ltr'><strong>et</strong></span> <span class='ocrx_word' id='word_1_20' title='bbox 1326 317 1441 364; x_wconf 82' lang='lat' dir='ltr'><strong>prae-</strong></span> 
     </span>
     <span class='ocr_line' id='line_1_3' title="bbox 20 364 384 414; baseline -0.008 0"><span class='ocrx_word' id='word_1_21' title='bbox 20 368 23 414; x_wconf 91' lang='grc' dir='ltr'>Ι</span> <span class='ocrx_word' id='word_1_22' title='bbox 63 364 160 411; x_wconf 89' lang='lat' dir='ltr'><strong>dica</strong></span> <span class='ocrx_word' id='word_1_23' title='bbox 186 365 384 411; x_wconf 81' lang='lat' dir='ltr'><strong>verbum.</strong></span> 
     </span>
    </p>

    <p class='ocr_par' dir='ltr' id='par_1_3' title="bbox 58 427 1445 1341">
     <span class='ocr_line' id='line_1_4' title="bbox 126 427 1445 499; baseline 0.005 -20"><span class='ocrx_word' id='word_1_24' title='bbox 126 435 205 481; x_wconf 84' lang='lat' dir='ltr'><strong>IX.</strong></span> <span class='ocrx_word' id='word_1_25' title='bbox 248 434 333 480; x_wconf 86' lang='lat' dir='ltr'><strong>Sed</strong></span> <span class='ocrx_word' id='word_1_26' title='bbox 355 427 476 498; x_wconf 89' lang='lat' dir='ltr'><strong>prius</strong></span> <span class='ocrx_word' id='word_1_27' title='bbox 493 471 504 489; x_wconf 88' lang='lat'>‚</span> <span class='ocrx_word' id='word_1_28' title='bbox 530 434 683 479; x_wconf 81' lang='lat' dir='ltr'><strong>fratres</strong></span> <span class='ocrx_word' id='word_1_29' title='bbox 707 434 791 479; x_wconf 87' lang='lat' dir='ltr'><strong>mei</strong></span> <span class='ocrx_word' id='word_1_30' title='bbox 810 472 821 490; x_wconf 78' lang='lat'><strong><em>‚</em></strong></span> <span class='ocrx_word' id='word_1_31' title='bbox 848 434 1040 498; x_wconf 83' lang='lat' dir='ltr'><strong>plangite</strong></span> <span class='ocrx_word' id='word_1_32' title='bbox 1065 436 1185 499; x_wconf 86' lang='lat' dir='ltr'><strong>quod</strong></span> <span class='ocrx_word' id='word_1_33' title='bbox 1209 439 1336 484; x_wconf 86' lang='lat' dir='ltr'><strong>eratis</strong></span> <span class='ocrx_word' id='word_1_34' title='bbox 1355 476 1366 496; x_wconf 90' lang='lat'>‚</span> <span class='ocrx_word' id='word_1_35' title='bbox 1394 451 1445 486; x_wconf 90' lang='lat' dir='ltr'><strong>ut</strong></span> 
     </span>
     <span class='ocr_line' id='line_1_5' title="bbox 61 504 1440 569; baseline 0.003 -19"><span class='ocrx_word' id='word_1_36' title='bbox 61 504 181 568; x_wconf 83' lang='lat' dir='ltr'><strong>quod</strong></span> <span class='ocrx_word' id='word_1_37' title='bbox 199 504 396 550; x_wconf 87' lang='lat' dir='ltr'><strong>nondum</strong></span> <span class='ocrx_word' id='word_1_38' title='bbox 419 504 534 559; x_wconf 79' lang='lat' dir='ltr'><strong>estis,</strong></span> <span class='ocrx_word' id='word_1_39' title='bbox 562 522 647 550; x_wconf 82' lang='lat' dir='ltr'><strong>esse</strong></span> <span class='ocrx_word' id='word_1_40' title='bbox 669 504 853 567; x_wconf 86' lang='lat' dir='ltr'><strong>possitis.</strong></span> <span class='ocrx_word' id='word_1_41' title='bbox 884 505 980 551; x_wconf 93' lang='lat' dir='ltr'><strong>Hoc</strong></span> <span class='ocrx_word' id='word_1_42' title='bbox 1003 505 1125 568; x_wconf 89' lang='lat' dir='ltr'><strong>quod</strong></span> <span class='ocrx_word' id='word_1_43' title='bbox 1147 504 1303 569; x_wconf 86' lang='lat' dir='ltr'><strong>loquor</strong></span> <span class='ocrx_word' id='word_1_44' title='bbox 1323 525 1440 569; x_wconf 85' lang='lat' dir='ltr'><strong>mag-</strong></span> 
     </span>
     <span class='ocr_line' id='line_1_6' title="bbox 60 573 1439 640; baseline 0.004 -21"><span class='ocrx_word' id='word_1_45' title='bbox 60 591 166 620; x_wconf 90' lang='lat' dir='ltr'><strong>num</strong></span> <span class='ocrx_word' id='word_1_46' title='bbox 183 584 257 621; x_wconf 89' lang='lat' dir='ltr'><strong>est.</strong></span> <span class='ocrx_word' id='word_1_47' title='bbox 289 578 347 620; x_wconf 79' lang='lat' dir='ltr'><strong>Et</strong></span> <span class='ocrx_word' id='word_1_48' title='bbox 368 573 483 620; x_wconf 82' lang='lat' dir='ltr'><strong>unde</strong></span> <span class='ocrx_word' id='word_1_49' title='bbox 506 574 633 619; x_wconf 87' lang='lat' dir='ltr'><strong>nobis</strong></span> <span class='ocrx_word' id='word_1_50' title='bbox 655 577 891 634; x_wconf 64' lang='lat' dir='ltr'><strong>magnum?</strong></span> <span class='ocrx_word' id='word_1_51' title='bbox 914 574 1145 622; x_wconf 86' lang='lat' dir='ltr'><strong>Summum</strong></span> <span class='ocrx_word' id='word_1_52' title='bbox 1168 587 1248 633; x_wconf 85' lang='lat' dir='ltr'><strong>est,</strong></span> <span class='ocrx_word' id='word_1_53' title='bbox 1265 578 1439 640; x_wconf 86' lang='lat' dir='ltr'><strong>perfec-</strong></span> 
     </span>
     <span class='ocr_line' id='line_1_7' title="bbox 60 644 1439 708; baseline 0.004 -19"><span class='ocrx_word' id='word_1_54' title='bbox 60 654 153 690; x_wconf 89' lang='lat' dir='ltr'><strong>tum</strong></span> <span class='ocrx_word' id='word_1_55' title='bbox 176 656 255 702; x_wconf 84' lang='lat' dir='ltr'><strong>cst,</strong></span> <span class='ocrx_word' id='word_1_56' title='bbox 277 645 495 708; x_wconf 88' lang='lat' dir='ltr'><strong>optimum</strong></span> <span class='ocrx_word' id='word_1_57' title='bbox 517 655 579 690; x_wconf 85' lang='lat' dir='ltr'><strong>est</strong></span> <span class='ocrx_word' id='word_1_58' title='bbox 599 661 610 689; x_wconf 74' lang='lat' dir='ltr'><strong>t</strong></span> <span class='ocrx_word' id='word_1_59' title='bbox 640 644 755 690; x_wconf 84' lang='lat' dir='ltr'><strong>unde</strong></span> <span class='ocrx_word' id='word_1_60' title='bbox 773 644 933 690; x_wconf 66' lang='lat' dir='ltr'><strong>nobis?</strong></span> <span class='ocrx_word' id='word_1_61' title='bbox 957 645 1113 692; x_wconf 86' lang='lat' dir='ltr'><strong>Audite</strong></span> <span class='ocrx_word' id='word_1_62' title='bbox 1138 647 1254 693; x_wconf 89' lang='lat' dir='ltr'><strong>unde</strong></span> <span class='ocrx_word' id='word_1_63' title='bbox 1278 648 1406 694; x_wconf 83' lang='lat' dir='ltr'><strong>nobis</strong></span> <span class='ocrx_word' id='word_1_64' title='bbox 1428 667 1439 695; x_wconf 70' lang='grc' dir='ltr'><strong>ι</strong></span> 
     </span>
     <span class='ocr_line' id='line_1_8' title="bbox 61 714 1444 780; baseline 0.004 -22"><span class='ocrx_word' id='word_1_65' title='bbox 61 735 81 758; x_wconf 77' lang='grc' dir='ltr'><strong>ε(</strong></span> <span class='ocrx_word' id='word_1_66' title='bbox 97 715 240 761; x_wconf 88' lang='lat' dir='ltr'><strong>Omne</strong></span> <span class='ocrx_word' id='word_1_67' title='bbox 270 715 422 761; x_wconf 87' lang='lat' dir='ltr'><strong>datum</strong></span> <span class='ocrx_word' id='word_1_68' title='bbox 453 715 670 778; x_wconf 87' lang='lat' dir='ltr'><strong>optimum</strong></span> <span class='ocrx_word' id='word_1_69' title='bbox 701 724 743 759; x_wconf 88' lang='lat' dir='ltr'><strong>et</strong></span> <span class='ocrx_word' id='word_1_70' title='bbox 771 731 902 760; x_wconf 90' lang='lat' dir='ltr'><strong>omne</strong></span> <span class='ocrx_word' id='word_1_71' title='bbox 926 714 1091 760; x_wconf 91' lang='lat' dir='ltr'><strong>donum</strong></span> <span class='ocrx_word' id='word_1_72' title='bbox 1123 716 1366 780; x_wconf 84' lang='lat' dir='ltr'><strong>perfectum</strong></span> <span class='ocrx_word' id='word_1_73' title='bbox 1390 718 1444 764; x_wconf 85' lang='lat' dir='ltr'><strong>de</strong></span> 
     </span>
     <span class='ocr_line' id='line_1_9' title="bbox 59 784 1443 851; baseline 0.004 -23"><span class='ocrx_word' id='word_1_74' title='bbox 59 802 268 831; x_wconf 79' lang='lat' dir='ltr'><strong>»sursum</strong></span> <span class='ocrx_word' id='word_1_75' title='bbox 291 796 377 841; x_wconf 85' lang='lat' dir='ltr'><strong>cst,</strong></span> <span class='ocrx_word' id='word_1_76' title='bbox 413 785 678 830; x_wconf 85' lang='lat' dir='ltr'><strong>descendens</strong></span> <span class='ocrx_word' id='word_1_77' title='bbox 695 802 719 830; x_wconf 86' lang='lat' dir='ltr'><strong>a</strong></span> <span class='ocrx_word' id='word_1_78' title='bbox 745 789 868 830; x_wconf 84' lang='lat' dir='ltr'><strong>Patre</strong></span> <span class='ocrx_word' id='word_1_79' title='bbox 896 784 1136 842; x_wconf 80' lang='lat' dir='ltr'><strong>luminum,</strong></span> <span class='ocrx_word' id='word_1_80' title='bbox 1165 787 1291 850; x_wconf 84' lang='lat' dir='ltr'><strong>apud</strong></span> <span class='ocrx_word' id='word_1_81' title='bbox 1313 804 1443 851; x_wconf 87' lang='lat' dir='ltr'><strong>quem</strong></span> 
     </span>
     <span class='ocr_line' id='line_1_10' title="bbox 59 855 1437 911; baseline 0.004 -13"><span class='ocrx_word' id='word_1_82' title='bbox 59 876 82 898; x_wconf 84' lang='lat'>»</span> <span class='ocrx_word' id='word_1_83' title='bbox 97 873 186 902; x_wconf 88' lang='lat' dir='ltr'><strong>non</strong></span> <span class='ocrx_word' id='word_1_84' title='bbox 206 866 268 901; x_wconf 86' lang='lat' dir='ltr'><strong>est</strong></span> <span class='ocrx_word' id='word_1_85' title='bbox 280 855 601 911; x_wconf 82' lang='lat' dir='ltr'>transmutatio,</span> <span class='ocrx_word' id='word_1_86' title='bbox 619 872 698 900; x_wconf 88' lang='lat' dir='ltr'><strong>nec</strong></span> <span class='ocrx_word' id='word_1_87' title='bbox 710 855 919 901; x_wconf 85' lang='lat' dir='ltr'><strong>momenti</strong></span> <span class='ocrx_word' id='word_1_88' title='bbox 938 855 1265 904; x_wconf 77' lang='lat' dir='ltr'><strong>obumbrati01.</strong></span> <span class='ocrx_word' id='word_1_89' title='bbox 1286 879 1307 900; x_wconf 84' lang='lat'>»</span> <span class='ocrx_word' id='word_1_90' title='bbox 1329 858 1437 904; x_wconf 80' lang='lat' dir='ltr'><strong>Inde</strong></span> 
     </span>
     <span class='ocr_line' id='line_1_11' title="bbox 58 925 1440 989; baseline 0.002 -18"><span class='ocrx_word' id='word_1_91' title='bbox 58 937 121 971; x_wconf 87' lang='lat' dir='ltr'><strong>est</strong></span> <span class='ocrx_word' id='word_1_92' title='bbox 144 926 263 989; x_wconf 86' lang='lat' dir='ltr'><strong>quod</strong></span> <span class='ocrx_word' id='word_1_93' title='bbox 285 926 499 972; x_wconf 88' lang='lat' dir='ltr'><strong>habemus</strong></span> <span class='ocrx_word' id='word_1_94' title='bbox 522 927 708 978; x_wconf 68' lang='lat' dir='ltr'><strong>bonum„</strong></span> <span class='ocrx_word' id='word_1_95' title='bbox 730 925 831 972; x_wconf 85' lang='lat' dir='ltr'><strong>inde</strong></span> <span class='ocrx_word' id='word_1_96' title='bbox 854 936 916 971; x_wconf 88' lang='lat' dir='ltr'><strong>est</strong></span> <span class='ocrx_word' id='word_1_97' title='bbox 939 926 1061 989; x_wconf 86' lang='lat' dir='ltr'><strong>quod</strong></span> <span class='ocrx_word' id='word_1_98' title='bbox 1082 927 1280 973; x_wconf 88' lang='lat' dir='ltr'><strong>nondum</strong></span> <span class='ocrx_word' id='word_1_99' title='bbox 1304 928 1440 974; x_wconf 84' lang='lat' dir='ltr'><strong>habe-</strong></span> 
     </span>
     <span class='ocr_line' id='line_1_12' title="bbox 58 996 1444 1060; baseline 0.003 -19"><span class='ocrx_word' id='word_1_100' title='bbox 58 1013 168 1043; x_wconf 90' lang='lat' dir='ltr'><strong>mus.</strong></span> <span class='ocrx_word' id='word_1_101' title='bbox 201 997 301 1042; x_wconf 74' lang='lat' dir='ltr'><strong>Non</strong></span> <span class='ocrx_word' id='word_1_102' title='bbox 331 996 532 1042; x_wconf 64' lang='lat' dir='ltr'><strong>habetis?</strong></span> <span class='ocrx_word' id='word_1_103' title='bbox 572 1018 592 1038; x_wconf 71' lang='grc' dir='ltr'><strong>ι(</strong></span> <span class='ocrx_word' id='word_1_104' title='bbox 611 997 774 1053; x_wconf 86' lang='lat' dir='ltr'><strong>Petite,</strong></span> <span class='ocrx_word' id='word_1_105' title='bbox 813 1006 856 1041; x_wconf 87' lang='lat' dir='ltr'><strong>et</strong></span> <span class='ocrx_word' id='word_1_106' title='bbox 889 997 1126 1060; x_wconf 80' lang='lat' dir='ltr'><strong>accipietis.</strong></span> <span class='ocrx_word' id='word_1_107' title='bbox 1168 998 1215 1044; x_wconf 86' lang='lat' dir='ltr'><strong>Si</strong></span> <span class='ocrx_word' id='word_1_108' title='bbox 1247 1015 1323 1045; x_wconf 89' lang='lat' dir='ltr'><strong>vos</strong></span> <span class='ocrx_word' id='word_1_109' title='bbox 1336 1033 1351 1056; x_wconf 60' lang='lat' dir='ltr'><strong>a</strong></span> <span class='ocrx_word' id='word_1_110' title='bbox 1383 1000 1444 1045; x_wconf 82' lang='lat' dir='ltr'><strong>ait</strong></span> 
     </span>
     <span class='ocr_line' id='line_1_13' title="bbox 59 1067 1444 1123; baseline 0.004 -14"><span class='ocrx_word' id='word_1_111' title='bbox 59 1087 81 1109; x_wconf 86' lang='lat'>»</span> <span class='ocrx_word' id='word_1_112' title='bbox 106 1067 327 1123; x_wconf 80' lang='lat' dir='ltr'>Salvator,</span> <span class='ocrx_word' id='word_1_113' title='bbox 364 1068 398 1113; x_wconf 86' lang='lat' dir='ltr'><strong>si</strong></span> <span class='ocrx_word' id='word_1_114' title='bbox 432 1084 507 1113; x_wconf 87' lang='lat' dir='ltr'><strong>vos</strong></span> <span class='ocrx_word' id='word_1_115' title='bbox 536 1083 638 1112; x_wconf 91' lang='lat' dir='ltr'><strong>cum</strong></span> <span class='ocrx_word' id='word_1_116' title='bbox 670 1067 761 1112; x_wconf 84' lang='lat' dir='ltr'><strong>sitis</strong></span> <span class='ocrx_word' id='word_1_117' title='bbox 787 1067 890 1112; x_wconf 83' lang='lat' dir='ltr'><strong>mali</strong></span> <span class='ocrx_word' id='word_1_118' title='bbox 917 1067 1049 1113; x_wconf 88' lang='lat' dir='ltr'><strong>nostis</strong></span> <span class='ocrx_word' id='word_1_119' title='bbox 1071 1068 1189 1114; x_wconf 83' lang='lat' dir='ltr'><strong>bona</strong></span> <span class='ocrx_word' id='word_1_120' title='bbox 1218 1068 1321 1114; x_wconf 82' lang='lat' dir='ltr'><strong>data</strong></span> <span class='ocrx_word' id='word_1_121' title='bbox 1341 1069 1444 1115; x_wconf 85' lang='lat' dir='ltr'><strong>dare</strong></span> 
     </span>
     <span class='ocr_line' id='line_1_14' title="bbox 58 1136 1445 1200; baseline 0.004 -21"><span class='ocrx_word' id='word_1_122' title='bbox 58 1156 80 1178; x_wconf 69' lang='lat'><strong>&gt;2</strong></span> <span class='ocrx_word' id='word_1_123' title='bbox 97 1136 198 1182; x_wconf 85' lang='lat' dir='ltr'><strong>filiis</strong></span> <span class='ocrx_word' id='word_1_124' title='bbox 223 1136 399 1192; x_wconf 79' lang='lat' dir='ltr'><strong>vestris,</strong></span> <span class='ocrx_word' id='word_1_125' title='bbox 428 1147 593 1200; x_wconf 88' lang='lat' dir='ltr'><strong>quanto</strong></span> <span class='ocrx_word' id='word_1_126' title='bbox 617 1137 754 1197; x_wconf 86' lang='lat' dir='ltr'><strong>magis</strong></span> <span class='ocrx_word' id='word_1_127' title='bbox 788 1136 918 1182; x_wconf 87' lang='lat' dir='ltr'><strong>Pater</strong></span> <span class='ocrx_word' id='word_1_128' title='bbox 939 1148 1079 1184; x_wconf 86' lang='lat' dir='ltr'><strong>vester</strong></span> <span class='ocrx_word' id='word_1_129' title='bbox 1103 1137 1290 1185; x_wconf 82' lang='lat' dir='ltr'><strong>coelestis</strong></span> <span class='ocrx_word' id='word_1_130' title='bbox 1320 1139 1445 1185; x_wconf 82' lang='lat' dir='ltr'><strong>dabit</strong></span> 
     </span>
     <span class='ocr_line' id='line_1_15' title="bbox 58 1206 1445 1270; baseline 0.003 -19"><span class='ocrx_word' id='word_1_131' title='bbox 58 1227 80 1250; x_wconf 70' lang='lat'><strong>&gt;²</strong></span> <span class='ocrx_word' id='word_1_132' title='bbox 100 1206 218 1252; x_wconf 87' lang='lat' dir='ltr'><strong>bona</strong></span> <span class='ocrx_word' id='word_1_133' title='bbox 237 1207 487 1270; x_wconf 84' lang='lat' dir='ltr'><strong>petentibus</strong></span> <span class='ocrx_word' id='word_1_134' title='bbox 499 1225 541 1252; x_wconf 89' lang='lat' dir='ltr'><strong>se</strong></span> <span class='ocrx_word' id='word_1_135' title='bbox 555 1208 632 1253; x_wconf 67' lang='lat'><strong>2¹9»</strong></span> <span class='ocrx_word' id='word_1_136' title='bbox 646 1208 872 1253; x_wconf 72' lang='lat' dir='ltr'><strong>Examinet</strong></span> <span class='ocrx_word' id='word_1_137' title='bbox 889 1225 931 1253; x_wconf 91' lang='lat' dir='ltr'><strong>se</strong></span> <span class='ocrx_word' id='word_1_138' title='bbox 949 1225 1048 1268; x_wconf 86' lang='lat' dir='ltr'><strong>ergo</strong></span> <span class='ocrx_word' id='word_1_139' title='bbox 1074 1209 1213 1254; x_wconf 88' lang='lat' dir='ltr'><strong>omnis</strong></span> <span class='ocrx_word' id='word_1_140' title='bbox 1235 1209 1386 1263; x_wconf 79' lang='lat' dir='ltr'><strong>homo,</strong></span> <span class='ocrx_word' id='word_1_141' title='bbox 1403 1221 1445 1255; x_wconf 83' lang='lat' dir='ltr'><strong>ct</strong></span> 
     </span>
     <span class='ocr_line' id='line_1_16' title="bbox 59 1276 1445 1341; baseline 0.003 -20"><span class='ocrx_word' id='word_1_142' title='bbox 59 1276 278 1340; x_wconf 84' lang='lat' dir='ltr'><strong>quidquid</strong></span> <span class='ocrx_word' id='word_1_143' title='bbox 298 1277 343 1322; x_wconf 91' lang='lat' dir='ltr'><strong>in</strong></span> <span class='ocrx_word' id='word_1_144' title='bbox 365 1294 407 1322; x_wconf 88' lang='lat' dir='ltr'><strong>se</strong></span> <span class='ocrx_word' id='word_1_145' title='bbox 432 1277 538 1322; x_wconf 81' lang='lat' dir='ltr'><strong>boni</strong></span> <span class='ocrx_word' id='word_1_146' title='bbox 565 1278 778 1323; x_wconf 82' lang='lat' dir='ltr'><strong>invenerit</strong></span> <span class='ocrx_word' id='word_1_147' title='bbox 796 1315 807 1333; x_wconf 79' lang='lat'><strong>‚</strong></span> <span class='ocrx_word' id='word_1_148' title='bbox 830 1277 950 1341; x_wconf 87' lang='lat' dir='ltr'><strong>quod</strong></span> <span class='ocrx_word' id='word_1_149' title='bbox 969 1278 1185 1341; x_wconf 86' lang='lat' dir='ltr'><strong>pertineat</strong></span> <span class='ocrx_word' id='word_1_150' title='bbox 1205 1279 1262 1324; x_wconf 87' lang='lat' dir='ltr'><strong>ad</strong></span> <span class='ocrx_word' id='word_1_151' title='bbox 1275 1280 1445 1339; x_wconf 76' lang='lat' dir='ltr'><strong>justifi-</strong></span> 
     </span>
    </p>

    <p class='ocr_par' dir='ltr' id='par_1_4' title="bbox 0 1346 1444 1687">
     <span class='ocr_line' id='line_1_17' title="bbox 4 1346 1444 1411; baseline 0.002 -19"><span class='ocrx_word' id='word_1_152' title='bbox 4 1386 7 1399; x_wconf 80' lang='grc'>,</span> <span class='ocrx_word' id='word_1_153' title='bbox 58 1346 272 1392; x_wconf 89' lang='lat' dir='ltr'><strong>cationem</strong></span> <span class='ocrx_word' id='word_1_154' title='bbox 312 1357 530 1403; x_wconf 76' lang='lat' dir='ltr'><strong>nostram,</strong></span> <span class='ocrx_word' id='word_1_155' title='bbox 565 1359 663 1408; x_wconf 87' lang='lat' dir='ltr'><strong>agat</strong></span> <span class='ocrx_word' id='word_1_156' title='bbox 682 1348 839 1407; x_wconf 80' lang='lat' dir='ltr'><strong>gratias</strong></span> <span class='ocrx_word' id='word_1_157' title='bbox 870 1347 933 1393; x_wconf 87' lang='lat' dir='ltr'><strong>illi</strong></span> <span class='ocrx_word' id='word_1_158' title='bbox 956 1348 1033 1411; x_wconf 81' lang='lat' dir='ltr'><strong>qui</strong></span> <span class='ocrx_word' id='word_1_159' title='bbox 1051 1347 1189 1405; x_wconf 81' lang='lat' dir='ltr'><strong>dedit,</strong></span> <span class='ocrx_word' id='word_1_160' title='bbox 1216 1359 1258 1394; x_wconf 89' lang='lat' dir='ltr'><strong>et</strong></span> <span class='ocrx_word' id='word_1_161' title='bbox 1277 1349 1444 1409; x_wconf 85' lang='lat' dir='ltr'><strong>agendo</strong></span> 
     </span>
     <span class='ocr_line' id='line_1_18' title="bbox 58 1416 1444 1482; baseline 0.001 -20"><span class='ocrx_word' id='word_1_162' title='bbox 58 1417 215 1477; x_wconf 82' lang='lat' dir='ltr'><strong>gratias</strong></span> <span class='ocrx_word' id='word_1_163' title='bbox 237 1416 299 1462; x_wconf 90' lang='lat' dir='ltr'><strong>illi</strong></span> <span class='ocrx_word' id='word_1_164' title='bbox 323 1418 399 1480; x_wconf 87' lang='lat' dir='ltr'><strong>qui</strong></span> <span class='ocrx_word' id='word_1_165' title='bbox 422 1417 565 1468; x_wconf 80' lang='lat' dir='ltr'><strong>dedit,</strong></span> <span class='ocrx_word' id='word_1_166' title='bbox 605 1419 661 1463; x_wconf 91' lang='lat' dir='ltr'><strong>ab</strong></span> <span class='ocrx_word' id='word_1_167' title='bbox 684 1418 757 1463; x_wconf 91' lang='lat' dir='ltr'><strong>illo</strong></span> <span class='ocrx_word' id='word_1_168' title='bbox 774 1429 896 1481; x_wconf 83' lang='lat' dir='ltr'><strong>petat</strong></span> <span class='ocrx_word' id='word_1_169' title='bbox 921 1429 963 1463; x_wconf 84' lang='lat' dir='ltr'><strong>et</strong></span> <span class='ocrx_word' id='word_1_170' title='bbox 993 1419 1113 1482; x_wconf 85' lang='lat' dir='ltr'><strong>quod</strong></span> <span class='ocrx_word' id='word_1_171' title='bbox 1139 1419 1338 1465; x_wconf 88' lang='lat' dir='ltr'><strong>nondum</strong></span> <span class='ocrx_word' id='word_1_172' title='bbox 1360 1420 1444 1466; x_wconf 68' lang='lat' dir='ltr'><strong>dex-,-</strong></span> 
     </span>
     <span class='ocr_line' id='line_1_19' title="bbox 59 1487 1443 1552; baseline 0.002 -19"><span class='ocrx_word' id='word_1_173' title='bbox 59 1487 137 1534; x_wconf 87' lang='lat' dir='ltr'><strong>dit.</strong></span> <span class='ocrx_word' id='word_1_174' title='bbox 165 1489 264 1534; x_wconf 83' lang='lat' dir='ltr'><strong>Non</strong></span> <span class='ocrx_word' id='word_1_175' title='bbox 281 1488 395 1534; x_wconf 86' lang='lat' dir='ltr'><strong>enim</strong></span> <span class='ocrx_word' id='word_1_176' title='bbox 422 1499 470 1534; x_wconf 92' lang='lat' dir='ltr'><strong>tu</strong></span> <span class='ocrx_word' id='word_1_177' title='bbox 495 1489 541 1534; x_wconf 86' lang='lat' dir='ltr'><strong>in</strong></span> <span class='ocrx_word' id='word_1_178' title='bbox 555 1488 811 1552; x_wconf 86' lang='lat' dir='ltr'><strong>accipiendo</strong></span> <span class='ocrx_word' id='word_1_179' title='bbox 834 1490 1010 1552; x_wconf 84' lang='lat' dir='ltr'><strong>proficis</strong></span> <span class='ocrx_word' id='word_1_180' title='bbox 1025 1526 1037 1546; x_wconf 82' lang='lat'><strong>,</strong></span> <span class='ocrx_word' id='word_1_181' title='bbox 1061 1499 1104 1535; x_wconf 86' lang='lat' dir='ltr'><strong>et</strong></span> <span class='ocrx_word' id='word_1_182' title='bbox 1126 1489 1199 1535; x_wconf 90' lang='lat' dir='ltr'><strong>ille</strong></span> <span class='ocrx_word' id='word_1_183' title='bbox 1222 1490 1268 1536; x_wconf 90' lang='lat' dir='ltr'><strong>in</strong></span> <span class='ocrx_word' id='word_1_184' title='bbox 1295 1490 1443 1536; x_wconf 82' lang='lat' dir='ltr'><strong>dando</strong></span> 
     </span>
     <span class='ocr_line' id='line_1_20' title="bbox 57 1558 1440 1624; baseline 0.001 -20"><span class='ocrx_word' id='word_1_185' title='bbox 57 1558 220 1605; x_wconf 85' lang='lat' dir='ltr'><strong>deficit.</strong></span> <span class='ocrx_word' id='word_1_186' title='bbox 258 1558 593 1615; x_wconf 85' lang='lat' dir='ltr'><strong>Quantumlibet</strong></span> <span class='ocrx_word' id='word_1_187' title='bbox 613 1576 794 1622; x_wconf 83' lang='lat' dir='ltr'><strong>capaces</strong></span> <span class='ocrx_word' id='word_1_188' title='bbox 811 1559 955 1606; x_wconf 85' lang='lat' dir='ltr'><strong>fauces</strong></span> <span class='ocrx_word' id='word_1_189' title='bbox 970 1597 981 1615; x_wconf 73' lang='grc'>,</span> <span class='ocrx_word' id='word_1_190' title='bbox 1017 1577 1224 1624; x_wconf 84' lang='lat' dir='ltr'><strong>capacem</strong></span> <span class='ocrx_word' id='word_1_191' title='bbox 1245 1570 1440 1607; x_wconf 78' lang='lat' dir='ltr'><strong>ventrem</strong></span> 
     </span>
     <span class='ocr_line' id='line_1_21' title="bbox 0 1627 775 1687; baseline 0.001 -13"><span class='ocrx_word' id='word_1_192' title='bbox 0 1675 1 1687; x_wconf 14' lang='grc' dir='ltr'><strong>χ</strong></span> <span class='ocrx_word' id='word_1_193' title='bbox 58 1629 231 1683; x_wconf 85' lang='lat' dir='ltr'><strong>afferas3</strong></span> <span class='ocrx_word' id='word_1_194' title='bbox 266 1627 361 1675; x_wconf 88' lang='lat' dir='ltr'><strong>fons</strong></span> <span class='ocrx_word' id='word_1_195' title='bbox 387 1628 525 1675; x_wconf 86' lang='lat' dir='ltr'><strong>vincit</strong></span> <span class='ocrx_word' id='word_1_196' title='bbox 547 1629 775 1676; x_wconf 83' lang='lat' dir='ltr'><strong>sitientem.</strong></span> 
     </span>
    </p>
   </div>
   <div class='ocr_carea' id='block_1_3' title="bbox 0 727 17 1737">
    <p class='ocr_par' dir='ltr' id='par_1_5' title="bbox 0 727 17 1737">
     <span class='ocr_line' id='line_1_22' title="bbox 0 727 17 1737; baseline 0 0"><span class='ocrx_word' id='word_1_197' title='bbox 0 727 17 1737; x_wconf 95' lang='lat' dir='ltr'><strong> </strong></span> 
     </span>
    </p>
   </div>
   <div class='ocr_carea' id='block_1_4' title="bbox 74 1811 1426 1826">
    <p class='ocr_par' dir='ltr' id='par_1_6' title="bbox 74 1811 1426 1826">
     <span class='ocr_line' id='line_1_23' title="bbox 74 1811 1426 1826; baseline 0.002 -3"><span class='ocrx_word' id='word_1_198' title='bbox 74 1811 1322 1825; x_wconf 52' lang='lat' dir='ltr'><strong>vus-nmmummmmmvvwswsxntumxummmmnmws</strong></span> <span class='ocrx_word' id='word_1_199' title='bbox 1328 1811 1380 1825; x_wconf 49' lang='grc' dir='ltr'><strong>νῆα</strong></span> <span class='ocrx_word' id='word_1_200' title='bbox 1386 1812 1426 1826; x_wconf 53' lang='grc' dir='ltr'><strong>ιθ</strong></span> 
     </span>
    </p>
   </div>
   <div class='ocr_carea' id='block_1_5' title="bbox 542 1936 963 1985">
    <p class='ocr_par' dir='ltr' id='par_1_7' title="bbox 542 1936 963 1985">
     <span class='ocr_line' id='line_1_24' title="bbox 542 1936 963 1985; baseline 0.007 -3"><span class='ocrx_word' id='word_1_201' title='bbox 542 1936 749 1983; x_wconf 79' lang='lat' dir='ltr'>SERMO</span> <span class='ocrx_word' id='word_1_202' title='bbox 788 1937 907 1983; x_wconf 80' lang='lat' dir='ltr'><strong>CLX</strong></span> <span class='ocrx_word' id='word_1_203' title='bbox 930 1937 963 1985; x_wconf 66' lang='lat'><strong>⁴⁹³.</strong></span> 
     </span>
    </p>
   </div>
   <div class='ocr_carea' id='block_1_6' title="bbox 59 2101 1447 2300">
    <p class='ocr_par' dir='ltr' id='par_1_8' title="bbox 59 2101 1447 2300">
     <span class='ocr_line' id='line_1_25' title="bbox 59 2101 1441 2167; baseline -0.001 -16"><span class='ocrx_word' id='word_1_204' title='bbox 59 2105 123 2151; x_wconf 90' lang='lat' dir='ltr'><strong>De</strong></span> <span class='ocrx_word' id='word_1_205' title='bbox 135 2103 278 2151; x_wconf 81' lang='lat' dir='ltr'><strong>verbis</strong></span> <span class='ocrx_word' id='word_1_206' title='bbox 293 2101 491 2167; x_wconf 85' lang='lat' dir='ltr'><strong>Apostoli</strong></span> <span class='ocrx_word' id='word_1_207' title='bbox 507 2139 517 2158; x_wconf 82' lang='lat'><strong><em>‚</em></strong></span> <span class='ocrx_word' id='word_1_208' title='bbox 541 2119 557 2148; x_wconf 92' lang='lat'><em>1</em></span> <span class='ocrx_word' id='word_1_209' title='bbox 588 2101 688 2148; x_wconf 87' lang='lat' dir='ltr'><strong>Cor.</strong></span> <span class='ocrx_word' id='word_1_210' title='bbox 719 2118 749 2148; x_wconf 92' lang='lat'><strong>1.</strong></span> <span class='ocrx_word' id='word_1_211' title='bbox 792 2105 890 2161; x_wconf 75' lang='lat' dir='ltr'><strong>Oai</strong></span> <span class='ocrx_word' id='word_1_212' title='bbox 899 2103 1151 2165; x_wconf 70' lang='lat' dir='ltr'><strong>gloriatur,</strong></span> <span class='ocrx_word' id='word_1_213' title='bbox 1169 2107 1441 2163; x_wconf 64' lang='lat' dir='ltr'><strong>inDomc&#39;zzo</strong></span> 
     </span>
     <span class='ocr_line' id='line_1_26' title="bbox 118 2173 1447 2238; baseline 0.001 -19"><span class='ocrx_word' id='word_1_214' title='bbox 118 2175 364 2238; x_wconf 76' lang='lat' dir='ltr'><strong>glorietur.</strong></span> <span class='ocrx_word' id='word_1_215' title='bbox 400 2175 455 2218; x_wconf 89' lang='lat' dir='ltr'><strong>Et</strong></span> <span class='ocrx_word' id='word_1_216' title='bbox 484 2173 538 2218; x_wconf 83' lang='lat' dir='ltr'><strong>de</strong></span> <span class='ocrx_word' id='word_1_217' title='bbox 570 2189 697 2219; x_wconf 85' lang='lat' dir='ltr'><strong>versu</strong></span> <span class='ocrx_word' id='word_1_218' title='bbox 733 2173 895 2218; x_wconf 87' lang='lat' dir='ltr'><strong>Psalmi</strong></span> <span class='ocrx_word' id='word_1_219' title='bbox 922 2190 1020 2221; x_wconf 79' lang='lat' dir='ltr'><strong>Lxx.</strong></span> <span class='ocrx_word' id='word_1_220' title='bbox 1058 2179 1116 2219; x_wconf 74' lang='lat' dir='ltr'><strong>Ilz</strong></span> <span class='ocrx_word' id='word_1_221' title='bbox 1153 2185 1235 2220; x_wconf 75' lang='lat' dir='ltr'><strong>tua</strong></span> <span class='ocrx_word' id='word_1_222' title='bbox 1251 2175 1447 2237; x_wconf 57' lang='lat' dir='ltr'><strong>suspitia</strong></span> 
     </span>
     <span class='ocr_line' id='line_1_27' title="bbox 125 2248 730 2300; baseline -0.002 -9"><span class='ocrx_word' id='word_1_223' title='bbox 125 2262 238 2291; x_wconf 74' lang='lat' dir='ltr'><strong>erae</strong></span> <span class='ocrx_word' id='word_1_224' title='bbox 261 2262 337 2289; x_wconf 80' lang='lat' dir='ltr'><strong>me</strong></span> <span class='ocrx_word' id='word_1_225' title='bbox 351 2281 363 2300; x_wconf 85' lang='grc'>,</span> <span class='ocrx_word' id='word_1_226' title='bbox 393 2254 436 2289; x_wconf 78' lang='lat' dir='ltr'><strong>ec</strong></span> <span class='ocrx_word' id='word_1_227' title='bbox 458 2248 616 2288; x_wconf 65' lang='lat' dir='ltr'><strong>exime</strong></span> <span class='ocrx_word' id='word_1_228' title='bbox 639 2261 730 2290; x_wconf 82' lang='lat' dir='ltr'><strong>me.</strong></span> 
     </span>
    </p>
   </div>
   <div class='ocr_carea' id='block_1_7' title="bbox 124 2405 1443 2474">
    <p class='ocr_par' dir='ltr' id='par_1_9' title="bbox 124 2405 1443 2474">
     <span class='ocr_line' id='line_1_28' title="bbox 124 2405 1443 2474; baseline -0.002 -17"><span class='ocrx_word' id='word_1_229' title='bbox 124 2414 161 2459; x_wconf 92' lang='lat' dir='ltr'><strong>I.</strong></span> <span class='ocrx_word' id='word_1_230' title='bbox 203 2412 435 2468; x_wconf 78' lang='lat' dir='ltr'><strong>ADMONITI</strong></span> <span class='ocrx_word' id='word_1_231' title='bbox 460 2411 515 2456; x_wconf 82' lang='lat' dir='ltr'><strong>ab</strong></span> <span class='ocrx_word' id='word_1_232' title='bbox 548 2409 755 2474; x_wconf 86' lang='lat' dir='ltr'><strong>Apostolo</strong></span> <span class='ocrx_word' id='word_1_233' title='bbox 780 2424 952 2467; x_wconf 83' lang='lat' dir='ltr'><strong>sumus,</strong></span> <span class='ocrx_word' id='word_1_234' title='bbox 987 2420 1035 2455; x_wconf 82' lang='lat' dir='ltr'><strong>ut</strong></span> <span class='ocrx_word' id='word_1_235' title='bbox 1054 2405 1181 2467; x_wconf 77' lang='lat' dir='ltr'><strong>«Qui</strong></span> <span class='ocrx_word' id='word_1_236' title='bbox 1200 2408 1416 2470; x_wconf 67' lang='lat' dir='ltr'><strong>glo-fiatur</strong></span> <span class='ocrx_word' id='word_1_237' title='bbox 1432 2447 1443 2466; x_wconf 88' lang='lat'>,</span> 
     </span>
    </p>
   </div>
   <div class='ocr_carea' id='block_1_8' title="bbox 62 2515 1446 2612">
    <p class='ocr_par' dir='ltr' id='par_1_10' title="bbox 62 2515 1446 2612">
     <span class='ocr_line' id='line_1_29' title="bbox 115 2515 1446 2569; baseline -0.003 -11"><span class='ocrx_word' id='word_1_238' title='bbox 115 2524 250 2558; x_wconf 82' lang='lat' dir='ltr'><strong>¹Jacob.</strong></span> <span class='ocrx_word' id='word_1_239' title='bbox 271 2536 295 2563; x_wconf 91' lang='lat'><strong>1,</strong></span> <span class='ocrx_word' id='word_1_240' title='bbox 317 2536 369 2565; x_wconf 83' lang='lat'><strong>17.</strong></span> <span class='ocrx_word' id='word_1_241' title='bbox 396 2543 441 2548; x_wconf 90' lang='lat'><strong>—</strong></span> <span class='ocrx_word' id='word_1_242' title='bbox 457 2523 473 2547; x_wconf 78' lang='lat'>2</span> <span class='ocrx_word' id='word_1_243' title='bbox 498 2523 615 2556; x_wconf 76' lang='lat' dir='ltr'><strong>Matlh.</strong></span> <span class='ocrx_word' id='word_1_244' title='bbox 637 2535 692 2562; x_wconf 84' lang='lat' dir='ltr'><strong>vu,</strong></span> <span class='ocrx_word' id='word_1_245' title='bbox 722 2535 736 2564; x_wconf 86' lang='lat'><strong>7</strong></span> <span class='ocrx_word' id='word_1_246' title='bbox 758 2528 790 2554; x_wconf 83' lang='lat' dir='ltr'><strong>et</strong></span> <span class='ocrx_word' id='word_1_247' title='bbox 816 2535 866 2555; x_wconf 89' lang='lat'><strong>11.</strong></span> <span class='ocrx_word' id='word_1_248' title='bbox 891 2540 938 2546; x_wconf 88' lang='lat'><em>-</em></span> <span class='ocrx_word' id='word_1_249' title='bbox 959 2521 973 2545; x_wconf 80' lang='lat'>³</span> <span class='ocrx_word' id='word_1_250' title='bbox 993 2521 1080 2555; x_wconf 77' lang='lat' dir='ltr'><strong>Alias</strong></span> <span class='ocrx_word' id='word_1_251' title='bbox 1097 2533 1130 2554; x_wconf 78' lang='lat' dir='ltr'><strong>xx</strong></span> <span class='ocrx_word' id='word_1_252' title='bbox 1145 2546 1154 2561; x_wconf 84' lang='lat'><strong>,</strong></span> <span class='ocrx_word' id='word_1_253' title='bbox 1182 2521 1265 2554; x_wconf 79' lang='lat' dir='ltr'><strong>inter</strong></span> <span class='ocrx_word' id='word_1_254' title='bbox 1285 2515 1388 2569; x_wconf 60' lang='lat' dir='ltr'><strong>editos</strong></span> <span class='ocrx_word' id='word_1_255' title='bbox 1407 2532 1446 2554; x_wconf 72' lang='lat' dir='ltr'><strong>cx</strong></span> 
     </span>
     <span class='ocr_line' id='line_1_30' title="bbox 62 2568 1297 2612; baseline -0.006 0"><span class='ocrx_word' id='word_1_256' title='bbox 62 2579 239 2612; x_wconf 72' lang='lat' dir='ltr'><strong>Carthusiae</strong></span> <span class='ocrx_word' id='word_1_257' title='bbox 252 2579 348 2612; x_wconf 77' lang='lat' dir='ltr'><strong>MSS.</strong></span> <span class='ocrx_word' id='word_1_258' title='bbox 1291 2568 1297 2571; x_wconf 63' lang='grc'><em>’</em></span> 
     </span>
    </p>
   </div>
  </div>
 </body>
</html>
