1866 3241
167 344 308 374 51111110
345 340 486 381 cxxlx,
524 340 580 370 DE
615 339 772 371 vnnnrs
806 341 969 372 EVANG.
1012 343 1141 376 JoAN.
1182 346 1224 377 v.
1306 334 1392 379 113

26 410 175 472 Ipsum
210 406 493 467 Evangelium
517 404 719 462 oderunt,
753 405 857 451 falsa
888 405 1129 453 testimonia
1159 409 1205 454 in
1237 410 1394 457 Domi-

25 495 129 524 num
146 486 506 542 procuraverunt,
524 486 573 520 ut
588 475 843 521 damnarent
856 476 1007 522 vivum
1027 495 1037 522 :
1055 477 1138 523 alia
1154 479 1396 527 testimonia

27 559 220 595 emerunt
242 547 427 612 pecunia
448 557 599 593 contra
623 557 857 593 mortuum.
889 547 1079 603 Quando
1098 548 1156 594 eis
1179 548 1364 596 dicimus
1382 569 1394 596 ι

28 619 200 665 Credite
222 619 268 664 in
293 619 457 674 Jesum‚
487 617 749 682 respondent
771 617 926 663 nobis:
954 619 1007 663 In
1032 617 1253 665 hominem
1284 638 1398 666 mor-

30 700 151 736 tuum
186 688 391 735 credituri
425 692 602 734 sumus?
633 690 747 734 Cum
780 698 923 734 autem
960 688 1187 735 addimus:
1208 689 1294 737 Sed
1326 708 1401 736 re-

29 760 222 817 surrexit,
254 759 551 823 respondent:
586 759 737 813 Absit;
768 758 985 823 Discipuli
1018 763 1109 819 ejus
1142 760 1275 806 furati
1303 772 1403 807 sunt

29 848 125 877 eum
153 830 206 876 de
237 830 449 894 sepulcro,
486 830 646 875 Amant
667 829 897 875 falsitatem
921 829 1066 875 Judaei
1093 841 1326 894 emptores,
1362 841 1407 876 et

30 911 310 948 contemnunt
343 901 566 946 veritatem
600 900 777 945 Domini
808 899 1126 964 RedemptoriS.
1165 901 1297 957 Quod
1333 900 1406 946 lo-

31 972 186 1036 queris,
213 972 236 1016 J
243 970 382 1027 udaee,
411 981 610 1034 parentes
634 971 697 1015 tui
723 970 910 1034 pecunia
931 980 1156 1024 emerunt;
1181 981 1223 1016 et
1246 970 1333 1017 hoc
1358 971 1406 1017 in

31 1052 71 1088 te
95 1041 313 1097 remansit,
338 1041 456 1104 quod
475 1051 685 1086 emerunt.
712 1040 899 1086 Attende
916 1041 1062 1104 potius
1083 1057 1183 1086 eum
1208 1041 1284 1105 qui
1304 1041 1409 1087 emit

31 1123 89 1170 te,
115 1130 202 1158 non
225 1112 300 1175 qui
324 1111 602 1157 mendacium
623 1111 727 1156 emit
750 1111 846 1157 tibi.

96 1183 169 1229 IV.
213 1182 296 1228 Sed
316 1182 435 1238 istos,
455 1192 503 1226 ut
519 1182 721 1237 diximus,
744 1181 1064 1245 relinquamus:
1082 1182 1184 1228 istos
1206 1182 1408 1228 attenda-

0 1270 1 1290 1
31 1269 126 1298 mus
153 1252 302 1298 fratres
325 1263 507 1308 nostros,
540 1269 640 1298 cum
667 1252 828 1315 quibus
852 1252 1031 1311 agimus.
1067 1254 1179 1298 lN'am
1208 1252 1410 1298 Christus

0 1335 3 1391 ᾗ
32 1333 165 1386 caput
190 1333 251 1367 est
279 1333 321 1367 et
351 1339 522 1385 corpus.
556 1325 703 1385 Caput
729 1323 775 1367 in
801 1321 914 1366 coelo
937 1333 1015 1376 est,
1045 1338 1203 1384 corpus
1228 1322 1274 1367 in
1296 1333 1405 1369 terra

0 1395 3 1444 ξ
29 1403 117 1438 est:
138 1402 271 1455 caput
301 1392 514 1435 Dominus
537 1403 615 1445 est,
644 1407 803 1454 corpus
837 1389 1028 1436 Ecclesia
1057 1395 1163 1450 ejus.
1203 1391 1288 1438 Sed
1314 1409 1410 1438 me·-

0 1466 4 1517 y*
28 1462 210 1507 ministis
238 1461 429 1515 dictum,
456 1482 476 1501 «
500 1461 639 1505 Erunt
667 1460 755 1505 duo
779 1461 825 1505 in
857 1477 983 1505 carne
1011 1477 1111 1507 una.
1146 1460 1410 1507 Sacramen-

30 1553 50 1573 »
71 1542 160 1577 tum
178 1532 264 1577 hoc
288 1547 493 1590 magnum
517 1540 595 1585 est,
617 1530 677 1575 ait
697 1529 947 1593 Apostolus,
972 1548 1048 1590 ego
1073 1541 1216 1576 autem
1241 1531 1340 1577 dico
1363 1533 1411 1578 in

30 1623 50 1643 >³
70 1602 245 1647 Christo
278 1611 320 1646 et
352 1601 397 1646 in
435 1599 668 1647 Ecclesia'l.
694 1601 781 1645 »Si
810 1618 908 1660 ergo
944 1600 1032 1646 duo
1065 1612 1165 1646 sunt
1197 1602 1243 1646 in
1280 1619 1412 1648 carne

31 1689 131 1728 una,
163 1673 252 1718 duo
284 1682 383 1717 sunt
410 1672 456 1716 in
484 1688 590 1717 voce
626 1688 724 1717 una.
766 1671 913 1735 Caput
945 1682 1159 1728 nostrum,
1195 1672 1411 1718 Dominus

31 1743 246 1799 Christus,
275 1742 445 1788 locutus
468 1752 530 1786 est
553 1740 608 1786 ad
630 1741 808 1787 Judaeos
828 1759 875 1787 ea
901 1759 1000 1805 quae
1024 1742 1289 1799 audivimus,
1307 1760 1409 1789 cum

31 1813 315 1873 Evangelium
342 1813 577 1873 legeretur,
604 1823 738 1876 caput
762 1812 816 1858 ad
842 1813 1040 1859 inimicos
1064 1812 1411 1876 suoszloquatur

20 1885 71 1928 'et
92 1901 266 1946 corpus,
297 1882 343 1929 id
371 1893 450 1938 est,
482 1882 692 1939 Ecclesia,
722 1882 777 1928 ad
809 1883 1005 1928 inimicos
1037 1901 1147 1930 SUOS.
1183 1884 1327 1929 Nostis
1353 1883 1409 1931 ad

31 1970 135 2016 quos
159 1954 376 2016 loquatur.
413 1952 534 2008 Quid
560 1953 695 1998 habet
723 1952 870 2016 loqui?
898 1954 996 1999 Non
1020 1953 1107 1999 dixi
1138 1953 1191 1999 de
1218 1970 1331 2010 meo,
1358 1965 1409 1999 ut

16 2039 108 2069 vox
128 2040 214 2068 una
237 2024 317 2068 sit:
335 2023 436 2085 quia
461 2039 560 2066 caro
587 2038 690 2079 una,
715 2040 794 2069 vox
817 2040 916 2070 una.
941 2024 1038 2070 Hoc
1060 2041 1159 2084 ergo
1178 2023 1261 2070 illis
1282 2024 1407 2070 dica—

29 2110 149 2138 mus:
169 2110 274 2139 voce
297 2091 504 2137 Ecclesiae
521 2090 692 2154 loquor.
724 2093 762 2136 O
784 2092 951 2150 fratres,
976 2093 1054 2139 filii
1078 2094 1276 2158 dispersi,
1309 2112 1409 2141 oves

0 2179 2 2185 ’
31 2174 231 2220 errantes,
261 2163 368 2208 rami
392 2162 583 2225 praecisi,
619 2162 726 2225 quid
758 2163 869 2208 mihi
903 2163 1259 2210 calumniamini?
1285 2164 1409 2221 Quid

75 2250 96 2278 e
129 2250 217 2279 non
250 2232 502 2293 agnoscitis?
523 2253 543 2273 ‹<
565 2232 833 2278 Scrutamini
871 2233 1135 2298 Scripturas,
1169 2234 1216 2279 in
1248 2233 1412 2297 quibus

0 2319 5 2326 ·
32 2304 229 2367 »putatis
251 2321 326 2349 vos
355 2303 490 2349 vitam
527 2312 733 2348 aeternam
766 2302 947 2360 habere,
979 2304 1086 2368 ipsae
1117 2303 1412 2349 testimonium

0 2381 8 2407 1
44 2393 54 2413 ›
71 2373 304 2436 perhibent
327 2373 380 2419 de
405 2390 503 2419 me:
527 2394 546 2413 »
564 2373 589 2417 J
596 2372 730 2418 udaeis
759 2372 871 2419 dicit
895 2385 1030 2438 caput
1056 2385 1269 2430 nostrum,
1292 2372 1414 2437 quod

62 2442 154 2488 obis
175 2460 331 2507 corpus
361 2443 469 2488 dicit
494 2460 505 2487 ε
529 2464 549 2484 «
571 2443 786 2498 Quaeretis
808 2461 892 2500 me,
919 2455 962 2490 et
987 2462 1075 2490 non
1098 2443 1365 2490 invenietis2.
1393 2464 1416 2485 ›>

78 2517 201 2559 uare‘?
228 2514 342 2570 Quia
367 2531 455 2559 non
483 2513 735 2559 scrutamini
769 2514 1020 2579 Scripturas
1038 2553 1050 2573 ,
1084 2531 1186 2579 quae
1213 2514 1413 2561 testimo-

0 2611 9 2619 ··
61 2581 151 2628 ium
170 2585 410 2647 perhibent
431 2585 484 2630 de
502 2601 584 2631 me.

0 2661 14 2695 fl
81 2671 90 2692 ¹
112 2671 230 2713 Ephes.
248 2685 277 2708 v,
300 2675 356 2713 31,
373 2675 429 2709 32.
448 2690 491 2696 -
508 2672 524 2696 2
541 2676 641 2707 Joan.
660 2674 796 2716 v1x,36‚

166 2739 311 2771 cxxvi.
1267 2726 1297 2769 ὃ
