1866 3241
108 326 249 358 sunno
286 323 458 363 cxxxm,
497 322 552 352 DE
589 321 746 352 vannis
782 321 945 354 EVANG.
986 323 1117 358 som.
1158 330 1219 361 vr.
1292 317 1375 375 143

0 400 107 441 'rum
122 430 133 449 ‚
181 409 233 437 ne
278 387 507 442 abscedat3
557 404 610 432 ne
646 385 839 437 hiantem
881 397 923 432 et
970 391 1103 436 verba
1143 397 1377 457 exprimere

10 471 237 515 conantem
259 458 465 505 continuo
490 456 681 502 deseram
705 474 716 501 ε
752 455 859 520 quid
882 457 1171 520 promissurus
1188 476 1271 517 est,
1294 470 1374 518 nisi

10 532 260 582 veritatem?
317 527 489 582 Audi03
524 537 606 584 st0,
643 537 836 590 expecto,
869 527 1148 576 intentissime
1179 549 1371 597 expecto,

10 606 122 651 Ecce
141 602 229 658 ille,
258 600 334 664 qui
354 598 638 663 promittebat
653 615 695 643 se
713 596 946 643 docturum
968 616 1036 644 me
1057 601 1297 664 veritatem,
1323 610 1378 656 de

11 674 185 721 Christo
218 671 407 717 insinuat
438 668 679 714 falsitatem.
725 668 958 723 Quomodo
992 670 1124 728 igitur
1155 675 1379 726 veritatem

10 745 236 801 docturus,
275 741 501 787 Christum
534 738 786 784 mendacem
822 738 1046 786 dicturus?
1091 742 1136 788 Si
1181 743 1382 795 Christus

9 815 232 866 mentitur„
259 810 521 875 sperandum
547 820 609 854 est
631 807 742 854 mihi
766 809 886 873 quod
907 820 957 856 tu
975 811 1085 857 mihi
1112 830 1262 862 verum
1283 818 1382 864 dic-

10 897 130 931 turus
150 885 220 929 es?

73 954 147 1005 Vl.
189 951 298 1000 Vide
327 950 458 997 aliud.
492 949 613 1006 Quid
643 949 785 997 dicit?
819 950 1028 997 Mentitus
1056 964 1118 999 est
1149 955 1380 1006 Christus?

10 1025 114 1082 Ubi,
134 1041 237 1083 rogo
260 1024 331 1067 te?
353 1021 442 1066 Ubi
459 1019 565 1065 dixit
586 1037 597 1064 :
617 1041 638 1060 «
657 1019 755 1065 Non
773 1020 956 1066 ascendo
968 1021 1022 1067 ad
1034 1021 1148 1069 diem
1168 1025 1341 1085 festum,
1361 1050 1383 1072 >›

9 1105 51 1140 et
77 1093 281 1140 ascendit.
309 1092 401 1151 Ego
427 1089 605 1155 quidem
627 1091 889 1154 perscrutari
906 1091 1036 1138 velim
1060 1093 1191 1140 istum
1215 1097 1381 1157 locum,

0 1167 61 1209 'ne
78 1163 186 1209 forte
206 1180 293 1208 non
316 1162 371 1207 sit
395 1160 595 1206 Christus
614 1160 837 1206 mentitus.
866 1161 962 1207 Imo
985 1163 1087 1226 quia
1114 1182 1202 1211 non
1228 1166 1384 1218 dubito

12 1233 236 1279 Christum
258 1249 345 1277 non
370 1248 455 1276 esse
480 1231 728 1286 mentitum,
756 1230 904 1276 locum
928 1232 1060 1281 istum
1082 1245 1158 1279 aut
1178 1254 1385 1299 perscru-

12 1304 137 1349 tabor
148 1314 190 1349 et
203 1302 456 1363 intelligam,
475 1312 548 1347 aut
565 1319 653 1346 non
669 1300 908 1366 intelligens
924 1302 1134 1351 differam.
1157 1306 1385 1354 Christum

13 1384 153 1419 tamen
171 1374 399 1419 mentitum
419 1389 504 1417 esse
522 1389 610 1417 non
629 1371 787 1418 dicam.
815 1370 846 1415 F
850 1388 899 1417 36
914 1389 982 1417 me
999 1390 1088 1419 non
1103 1374 1352 1424 intellexisse
1371 1397 1381 1425 ε

13 1489 17 1496 ,
42 1444 228 1489 iscedam
254 1443 458 1489 nesciens.
489 1441 644 1486 Melius
666 1450 729 1485 est
749 1442 863 1486 enim
895 1458 997 1487 cum
1016 1444 1177 1507 pietate
1204 1449 1383 1506 nescire,

13 1530 141 1576 quam
170 1530 272 1558 cum
299 1511 462 1558 insania
483 1510 698 1570 judicare.
730 1511 894 1555 Tamen
918 1521 1134 1559 tentamus
1153 1515 1383 1575 discutere,

14 1599 63 1628 116
85 1582 193 1628 forte
215 1582 290 1628 illo
309 1581 559 1641 adjuvante,
589 1579 665 1643 qui
689 1579 854 1626 Veritas
883 1592 963 1638 est,
995 1582 1162 1646 aliquid
1188 1586 1387 1633 invenia—

14 1668 122 1709 mus,
144 1651 309 1715 aliquid
333 1662 375 1696 et
393 1649 684 1706 inveniamur,
713 1660 755 1695 et
776 1649 922 1713 ipsum
943 1651 1108 1715 aliquid
1134 1672 1220 1701 non
1242 1658 1322 1703 erit
1343 1659 1388 1708 in

15 1723 187 1769 veritate
212 1721 502 1773 mendacium.
541 1721 652 1765 Nam
677 1720 712 1765 si
742 1721 996 1784 quaerendo,
1020 1723 1296 1777 mendacium
1315 1728 1388 1774 jn-

15 1793 163 1847 veni03
197 1809 286 1846 non
317 1790 501 1855 aliquid,
538 1789 613 1836 sed
640 1789 754 1835 nihil
778 1790 964 1839 invenio.
1004 1793 1118 1855 Ergo
1142 1812 1389 1859 quaeramus

16 1862 90 1908 ubi
116 1862 225 1910 dicis
257 1861 485 1907 Christum
517 1877 604 1906 esse
633 1861 880 1908 mentitum.
916 1862 1031 1919 Quia
1065 1863 1188 1922 dixit,
1224 1867 1386 1931 inquit,

18 1954 34 1974 κ
56 1934 154 1978 Non
185 1931 367 1987 ascendo
394 1931 449 1977 ad
480 1931 596 1977 diem
618 1930 793 1989 festum,
814 1942 894 1977 »et
922 1933 1127 1981 ascendit.
1161 1934 1286 1991 Unde
1308 1940 1390 1984 scis

18 2019 111 2048 sum
134 2001 316 2047 dixisse?
348 2001 469 2058 Quid
494 2001 528 2046 si
559 2017 636 2061 ego
665 2000 827 2058 dicam,
855 2002 943 2047 imo
972 2020 1059 2050 non
1084 2021 1179 2064 ego,
1213 2007 1284 2053 sed
1307 2008 1390 2053 ali-

19 2073 127 2137 quis,
156 2071 268 2117 absit
292 2071 406 2116 enim
433 2076 481 2115 ut
511 2070 598 2116 hoc
626 2087 703 2131 ego
727 2070 873 2116 dicam
892 2073 1028 2136 :quid
1059 2075 1093 2120 si
1118 2075 1237 2121 dicat
1261 2077 1385 2127 alius.

20 2140 109 2187 Hoc
135 2141 335 2187 Christus
354 2159 440 2186 non
463 2140 592 2194 dixit;
620 2140 734 2188 unde
760 2143 997 2199 convincis,
1028 2144 1143 2190 unde
1171 2148 1390 2209 probatu—

20 2228 85 2257 rus
102 2214 171 2256 es'?
194 2211 399 2256 Codicem
419 2221 666 2274 aperturus,
683 2210 913 2257 lectionem
932 2212 1202 2272 inventurus,
1224 2216 1392 2262 homini

6 2281 399 2340 demonstraturus,
426 2281 515 2326 imo
548 2297 649 2326 611111
676 2298 831 2341 magna
858 2282 1020 2328 fiducia
1053 2286 1240 2347 pectoris
1262 2287 1390 2332 resis-

0 2342 10 2382 J
22 2352 120 2398 tenti
147 2352 341 2408 codicem
365 2353 656 2416 impacturus,
685 2353 820 2409 Tene,
851 2353 1040 2411 attende,
1060 2354 1167 2415 lege,
1191 2357 1390 2417 Evange-

0 2415 10 2465 ,Ῑ
23 2422 119 2469 lium
132 2435 290 2489 portas.
302 2423 421 2481 Quid
431 2441 549 2483 ergo,
561 2440 666 2484 rogo
683 2424 853 2488 te,quid
866 2426 1102 2472 conturbas
1111 2427 1261 2492 paulu]
1269 2430 1388 2475 um‘l')

0 2493 113 2541 1ΝοΙί
138 2512 303 2555 urgere,
330 2494 402 2540 dic
421 2494 613 2558 planius,
641 2495 930 2558 tranquillius.
965 2496 1077 2542 Ecce
1106 2499 1390 2559 Evangelium

0 2583 11 2593 ¹⁴
25 2575 157 2627 porto,
176 2565 341 2629 etquid
360 2565 494 2611 hinc‘?
519 2565 613 2621 Ille,
635 2566 919 2625 Evangelium
938 2566 1134 2630 loquitur
1157 2569 1385 2618 Christum

0 2655 6 2665 ·
26 2633 161 2681 lixisse
182 2636 298 2699 quod
322 2654 461 2696 negas,
490 2637 544 2681 Et
563 2635 661 2682 ideo
684 2636 829 2683 credes
854 2637 937 2683 1106
961 2637 1111 2685 dixisse
1133 2639 1374 2698 Christum,

67 2725 77 2748 Ι
92 2725 183 2756 Forte
208 2724 392 2767 parvulum.
