1866 3241
189 336 331 366 sunno
368 334 548 373 crrxxlx,
585 332 642 363 DE
677 331 834 361 VERBIS
873 329 1024 360 Aposr.
1067 329 1224 361 JAcoB.
1265 330 1297 361 1.
1372 314 1467 376 5¹9

91 400 214 466 quasi
245 400 364 447 dicat
389 399 470 445 tibi
496 416 507 444 z
540 402 652 444 Ecce
678 397 747 443 fac
770 395 891 460 quod
916 395 1005 451 viS‚
1038 396 1174 460 imple
1204 394 1469 460 cupiditates

90 485 203 528 tuas,
224 470 401 518 extende
421 469 679 533 nequitiam,
697 468 830 515 dilata
845 467 1075 522 luxuriam,
1094 467 1312 531 quidquid
1322 466 1471 513 libue—

91 545 164 601 rit,
183 543 355 589 licitum
377 552 510 606 puta3
533 557 622 588 non
643 540 750 586 hinc
776 550 817 585 te
834 539 990 603 punio,
1017 555 1106 583 non
1126 548 1166 583 te
1182 538 1229 583 in
1249 537 1468 598 gehennas

91 614 217 660 mitto
237 650 248 670 ,
277 612 431 659 faciem
462 629 602 657 meam
631 621 802 657 tantum
828 609 911 655 tibi
939 608 1123 669 negabo.
1161 607 1207 653 Si
1231 608 1469 671 expavisti,

91 684 269 738 amasti;
290 684 325 729 si
342 683 430 730 hoc
449 682 568 746 quod
591 682 760 729 dictum
783 692 846 726 est
865 698 876 726 ε
910 679 1079 726 Faciem
1096 695 1220 724 suam
1238 678 1321 724 tibi
1338 696 1474 739 nega-

90 756 158 802 bit
176 756 289 800 Deus
303 766 419 810 tum,
439 753 685 800 conremuit
700 770 775 799 cor
791 763 935 808 tuum,
953 750 999 797 in
1021 767 1109 796 non
1127 748 1316 796 videndo
1334 750 1474 795 Deum

91 837 214 872 tuum
248 841 449 885 magnam
485 841 666 888 poenam
699 823 861 887 putasti
881 843 892 876 3
931 821 1062 882 gratis
1091 819 1258 867 amasti.
1293 819 1341 865 Si
1375 836 1475 879 ergo

90 912 228 943 sermo
251 912 371 942 meus
387 894 554 940 invenit
574 895 620 940 in
637 893 846 939 cordibus
866 892 1015 939 vestris
1030 891 1222 955 aliquam
1240 888 1474 935 scintillam

91 965 269 1027 gratuiti
293 964 450 1011 amoris
477 964 581 1021 Dei,
602 965 743 1028 ipsam
767 963 930 1009 nutrite
956 980 967 1008 ι
995 961 1051 1008 ad
1080 961 1199 1007 hanc
1225 958 1469 1021 augendam

91 1054 165 1084 vos
179 1036 384 1083 advocate
398 1052 544 1100 prece,
569 1034 835 1091 humilitate,
856 1033 1003 1080 dolore
1018 1031 1310 1096 poenitentiae,
1338 1029 1470 1077 dilec-

91 1109 206 1155 tione
214 1107 414 1168 justitiae,
440 1106 645 1170 operibus
662 1105 807 1159 bonis,
822 1105 1055 1165 gemitibus
1070 1102 1265 1159 sinceris,
1285 1118 1472 1148 conver-

91 1180 255 1226 satione
282 1177 519 1235 laudabili,
554 1177 745 1224 amicitia
779 1176 911 1224 fideli.
942 1176 1069 1222 Hanc
1100 1173 1334 1221 scintillam
1364 1172 1473 1221 boni

92 1249 248 1296 amoris
269 1248 371 1295 flate
391 1248 438 1294 in
458 1248 602 1306 vobis,
621 1248 785 1295 nutrite
800 1248 847 1295 in
866 1246 1019 1293 vobis:
1041 1245 1135 1310 ipsa
1153 1262 1255 1291 cum
1269 1242 1469 1300 creverit,

89 1331 132 1366 et
144 1320 365 1366 flammam
379 1318 676 1380 dignissimam
694 1329 737 1365 et
754 1317 1064 1383 amplissimam
1083 1314 1250 1371 fecerit,
1272 1314 1470 1368 omnium

92 1390 387 1455 cupiditatum
407 1389 649 1436 carnalium
671 1389 790 1437 foena
808 1387 1040 1436 consumit.

94 1562 1325 1577 §5Qmsztwmmmmmswswmmmmmmmmmm
1331 1562 1389 1573 m
1403 1561 1463 1572 ἢν,

518 1688 724 1734 SERMO
762 1688 991 1735 CLXXIX
1007 1687 1042 1737 1.

95 1830 159 1876 De
181 1829 325 1876 verbis
350 1828 533 1892 apostoli
550 1827 729 1884 Jacobi,
752 1843 853 1893 cap.
877 1846 908 1876 1.
935 1831 1006 1875 Sic
1023 1840 1185 1875 aulem
1213 1833 1474 1892 unusquis-

157 1918 248 1964 que
267 1911 465 1946 veslrum
488 1899 621 1945 velox
637 1898 1024 1953 aclaadc‘endam,
1050 1899 1209 1945 tardas
1229 1910 1388 1944 (uelem
1408 1900 1478 1944 acl

158 1971 463 2035 loquendum.
483 1970 547 2017 Ac
568 1969 623 2016 de
644 1968 730 2016 illis
745 1968 910 2016 ibidem
927 1987 940 2014 .-
962 1974 1121 2016 Estote
1143 1972 1470 2028 autemfizclo-

157 2059 231 2086 res
250 2042 390 2097 verbi,
422 2051 470 2087 et
486 2058 582 2087 non
607 2041 846 2086 auditores
864 2050 1066 2098 tantum,
1090 2052 1173 2086 ete.

160 2204 196 2251 Ι.
220 2203 366 2250 VERm
382 2203 465 2249 Dei
486 2202 678 2250 assiduos
694 2203 928 2260 auditores,
954 2203 1109 2250 beatus
1127 2203 1153 2248 J
1157 2204 1319 2250 acobus
1339 2221 1473 2268 apos-

94 2274 208 2320 tolus
232 2274 451 2331 convenit,
475 2274 622 2320 dicens
643 2291 655 2320 :
683 2296 704 2316 «
724 2275 872 2321 Estote
895 2285 1040 2321 autem
1060 2274 1244 2321 factores
1266 2275 1406 2331 verbi,
1432 2286 1474 2320 et

97 2367 118 2387 ³>
136 2363 224 2391 non
245 2344 461 2391 auditores
479 2355 648 2391 tantum
665 2383 676 2402 ,
701 2345 898 2392 fallentes
918 2345 1247 2410 vosmetipsos2.
1278 2368 1298 2388 »
1326 2347 1476 2411 Neque

96 2418 212 2463 enim
239 2434 339 2463 eum
366 2420 491 2478 cujus
509 2416 693 2463 verbum
720 2428 808 2475 est,
836 2428 913 2464 aut
937 2435 1018 2483 per
1041 2435 1172 2482 quem
1192 2417 1356 2465 dicitur
1380 2436 1474 2465 ver-

97 2489 206 2535 bum
227 2505 238 2533 :
261 2487 639 2552 sed'vosmetipsos
653 2487 814 2542 fallitis.
839 2490 902 2535 Ex
925 2489 1012 2536 hac
1036 2505 1137 2550 ergo
1152 2490 1362 2537 sententia
1385 2508 1475 2536 ma-

98 2570 227 2605 nante
253 2558 306 2604 de
327 2557 468 2605 fronte
497 2558 688 2605 veritatis
706 2597 717 2615 ,
748 2577 828 2624 per
855 2570 901 2606 os
929 2560 1218 2625 apostolicum
1241 2561 1471 2609 veracissi-

151 2667 158 2688 ¹
187 2666 271 2697 Alias
287 2665 324 2697 dv
344 2665 481 2698 Diversis
498 2679 550 2707 27.
566 2684 608 2690 -
628 2667 742 2702 Jacob.
759 2679 780 2706 ι,
802 2680 855 2702 22.
