1866 3241
385 367 477 428 4ιὸ
800 380 834 417 S.
878 380 1117 417 Auensrtm
1152 383 1356 417 Episcom

384 452 558 508 fratres,
589 450 635 498 in
656 449 730 497 illa
753 449 999 510 gloriemur.
1027 450 1097 496 lbi
1120 450 1229 496 forte
1250 451 1515 498 inveniemus
1537 460 1579 498 et
1603 449 1756 498 latitu=

385 523 548 578 dinem,
585 532 627 567 et
647 521 982 581 longitudinem,
1010 531 1051 565 et
1077 520 1365 578 altitudinem,
1400 532 1442 567 et
1465 521 1749 586 profundum.

384 593 462 638 His
490 592 604 637 enim
626 590 821 655 Apostoli
844 590 987 636 verbis
1012 606 1116 635 crux
1145 591 1338 653 quodam
1359 591 1490 637 modo
1514 592 1640 637 nobis
1661 602 1757 637 ante

383 662 529 708 oculos
560 662 793 708 constituta
834 670 909 706 est.
952 659 1097 704 Habet
1122 661 1236 705 enim
1270 660 1568 718 latitudinem,
1600 662 1645 706 in
1671 677 1757 723 qua

383 750 535 780 manus
566 733 760 792 figuntur
794 748 804 776 :
827 731 964 775 habet
987 730 1301 790 longitudinem
1317 769 1327 788 ,
1354 731 1473 794 quod
1497 732 1598 777 inde
1625 749 1758 794 usque

385 804 440 848 ad
463 813 621 848 terram
647 801 825 848 ducitur
853 799 1018 859 lignum
1046 818 1056 845 ε
1086 800 1223 845 habet
1244 811 1286 846 et
1317 800 1614 858 altitudinem,
1638 802 1757 864 quod

383 874 554 937 abipso
583 883 845 927 transverso,
883 871 926 917 in
954 888 1041 934 quo
1074 872 1267 931 figuntur
1286 888 1466 928 manus,
1492 872 1656 918 excedit
1675 872 1757 918 ali-

384 954 614 1007 quantum,
640 943 719 988 ubi
749 952 883 1006 caput
902 942 1097 986 crucifixi
1123 942 1304 1005 ponitur
1324 959 1336 987 z
1355 942 1548 987 habetet
1569 942 1758 1006 profun-

382 1014 489 1059 dum
508 1050 518 1069 ,
548 1013 635 1058 hoc
657 1023 720 1057 est
740 1011 858 1074 quod
884 1012 930 1056 in
951 1021 1061 1056 terra
1090 1011 1254 1070 figitur,
1288 1022 1329 1056 et
1352 1029 1439 1056 non
1463 1011 1647 1059 videtur.
1679 1012 1758 1058 Vi-

384 1084 480 1128 dete
505 1099 712 1141 magnum
734 1092 1064 1127 sacramentum.
1101 1081 1168 1127 Ab
1194 1080 1268 1126 illo
1290 1080 1509 1144 profundo
1529 1081 1647 1144 quod
1671 1099 1755 1127 non

381 1152 517 1209 vides,
538 1152 674 1211 surgit
696 1161 837 1196 totum
860 1151 979 1213 quod
999 1150 1134 1197 vides.

448 1223 523 1269 IV.
552 1222 639 1267 Ubi
657 1238 756 1281 ergo
779 1231 841 1265 cst
867 1221 1081 1266 latitudo?
1108 1220 1268 1266 Confer
1295 1231 1334 1266 te
1364 1223 1418 1268 ad
1443 1224 1578 1270 vitam
1600 1237 1756 1266 mores-

382 1310 465 1356 que
487 1303 753 1348 sanctorum,
774 1291 850 1354 qui
871 1291 1052 1337 dicunt:
1078 1313 1096 1332 <‹
1118 1291 1244 1337 Absit
1261 1291 1452 1350 gloriari,
1475 1293 1555 1339 nisi
1572 1293 1615 1337 in
1629 1308 1758 1336 cruce

384 1384 404 1403 n
432 1363 607 1409 Domini
629 1362 764 1408 nostri
794 1362 895 1406 Jcsu
933 1361 1112 1408 Christi.
1160 1383 1178 1402 υ
1212 1362 1461 1409 Invenimus
1483 1363 1528 1408 in
1562 1361 1757 1406 moribus

381 1449 529 1478 eorum
559 1431 833 1478 latitudinem
866 1431 1090 1476 charitatis
1124 1448 1134 1476 ε
1160 1431 1275 1476 unde
1306 1431 1400 1477 illos
1438 1432 1638 1478 admonet
1668 1430 1757 1492 ipso.

383 1501 634 1565 Apostolus,
663 1501 811 1546 dicens
836 1518 847 1545 ι
872 1522 891 1541 «
925 1500 1194 1556 Dilatamini,
1221 1518 1274 1545 ne
1304 1501 1392 1546 sitis
1410 1505 1565 1561 jugum
1589 1499 1757 1549 duvone

383 1594 402 1612 n
427 1583 488 1616 tes
506 1588 607 1617 cum
627 1570 889 1616 infidelibus.
925 1591 945 1611 n
970 1570 1025 1614 Et
1047 1570 1148 1632 quia
1169 1570 1259 1632 ipse
1279 1569 1390 1615 latus
1423 1582 1513 1616 erat
1530 1607 1541 1626 ,
1576 1570 1650 1632 qui
1689 1586 1757 1613 cos

383 1642 437 1687 ad
458 1641 732 1687 latitudinem
757 1641 1085 1690 exhortabatur,
1110 1640 1212 1684 audi
1235 1639 1341 1702 quid
1362 1640 1480 1685 dicat
1503 1658 1513 1684 z
1537 1662 1558 1682 α
1580 1643 1642 1684 Os
1666 1657 1758 1683 nos-

382 1733 402 1753 »
431 1722 544 1756 trum
570 1721 691 1773 patet
716 1709 879 1764 advos,
900 1727 924 1754 o
940 1709 1180 1761 Corinthii3
1207 1726 1281 1753 cor
1306 1720 1499 1754 nostrum
1526 1708 1755 1754 dilatatum

385 1804 404 1822 »
429 1780 532 1827 est1,
561 1802 581 1821 ))
606 1779 811 1824 Latitudo
831 1796 930 1838 ergo
957 1779 1144 1823 charitas
1170 1789 1249 1834 est,
1276 1795 1375 1841 quae
1402 1779 1489 1824 sola
1517 1779 1627 1824 bene
1648 1795 1756 1841 opo-

380 1862 513 1897 ratur.
547 1848 751 1894 Latitudo
778 1847 900 1904 facit,
930 1859 977 1892 ut
999 1848 1183 1893 hilarem
1206 1847 1399 1893 datorem
1421 1849 1572 1908 diligat
1590 1849 1749 1893 Deus2.

383 1923 427 1966 Si
451 1922 565 1966 enim
588 1919 827 1978 angustiam
854 1936 1003 1981 passus
1031 1918 1185 1973 fuerit,
1226 1919 1353 1964 tristis
1379 1918 1503 1964 dabit
1529 1936 1539 1963 ι
1563 1919 1595 1964 si
1626 1918 1756 1962 tristis

382 1992 523 2046 dabit,
553 1990 668 2053 perit
686 1987 805 2052 quod
830 1988 967 2034 dabit.
1003 1987 1128 2052 Opus
1152 1999 1213 2033 cst
1234 2006 1333 2048 ergo
1358 1987 1586 2034 latitudine
1605 1987 1756 2032 chari—

380 2062 504 2117 tatis,
540 2078 592 2105 ne
616 2069 761 2122 pereat
800 2057 1017 2121 quidquid
1056 2058 1161 2103 boni
1187 2058 1307 2104 facis.
1342 2058 1427 2104 Sed
1462 2058 1666 2121 quoniam
1698 2057 1756 2101 ait,

383 2131 619 2176 Dominus:
635 2151 654 2169 «
674 2128 761 2173 Ubi
779 2127 1025 2172 abundabit
1040 2127 1264 2190 iniquitas,
1307 2127 1550 2187 refrigescet
1566 2127 1756 2172 charitas

384 2224 403 2242 »
425 2200 661 2245 multorum
684 2198 730 2243 3:
759 2218 778 2239 ›>
802 2197 857 2242 da
881 2197 992 2242 mihi
1017 2208 1059 2242 et
1082 2196 1421 2256 longitudinem;
1447 2214 1546 2260 quae
1569 2207 1631 2241 est
1655 2196 1755 2240 lon-

381 2271 565 2331 gitudo?
591 2291 611 2311 «
638 2269 726 2325 Qui
752 2268 1086 2331 perseveraverit
1104 2284 1238 2330 usque
1262 2268 1308 2313 in
1339 2268 1489 2323 finem,
1515 2267 1590 2312 hic
1612 2265 1754 2311 salvus

383 2363 404 2383 »
428 2342 508 2386 erit
528 2341 562 2387 Δ.
599 2362 620 2381 »
649 2340 756 2384 Haec
780 2348 841 2383 est
867 2337 1091 2396 longitudo
1121 2337 1262 2381 crucis
1279 2373 1290 2392 ,
1321 2337 1398 2382 ubi
1433 2346 1571 2382 totum
1596 2350 1753 2398 corpus

381 2411 617 2474 porrigitur
638 2427 649 2453 z
676 2408 753 2453 ubi
779 2406 969 2470 quodam
995 2405 1125 2451 modo
1151 2416 1305 2460 statur,
1332 2422 1420 2469 quo
1439 2404 1594 2450 stando
1610 2421 1751 2468 perse-

378 2492 565 2527 veratur.
599 2479 644 2525 Si
679 2495 778 2538 ergo
799 2477 981 2540 quaeriS,
1010 2477 1086 2539 qui
1116 2476 1160 2521 in
1185 2492 1313 2522 cruce
1344 2475 1553 2536 gloriaris,
1589 2474 1751 2520 habere

380 2550 521 2595 crucis
556 2547 862 2599 latitudinem3
897 2545 1059 2591 habeto
1089 2545 1198 2590 bene
1223 2544 1431 2608 operandi
1452 2545 1671 2591 virtutem.
1706 2545 1751 2590 Si

379 2621 442 2667 vis
454 2620 617 2665 habere
637 2618 780 2664 crucis
797 2615 1109 2676 longitudinem
1126 2635 1137 2670 ;
1159 2615 1322 2661 habeto
1338 2615 1640 2680 perseverandi
1655 2614 1748 2660 lon-

430 2709 474 2737 12
490 2708 565 2739 Cor.
584 2717 628 2743 vt,
652 2711 764 2740 11-14.
780 2720 825 2728 --
844 2702 982 2742 ²Id.1x‚
1002 2715 1034 2743 7.
1050 2721 1093 2728 —
1107 2700 1123 2726 ³
1141 2702 1258 2736 Matth.
1278 2714 1369 2743 xxiv,
1386 2714 1440 2738 ια,
1457 2722 1503 2729 -
1520 2700 1535 2725 ⁴
1551 2702 1600 2736 1d.
1615 2714 1649 2746 x,
1667 2713 1722 2738 22.
