1866 3241
207 197 348 227 semro
384 197 540 239 erxm,
574 196 628 227 DE
666 195 820 225 vnnms
856 194 1005 223 Arosr.
1048 194 1201 225 GALAT.
1244 196 1284 226 v.
1359 179 1452 243 393

86 261 282 325 operarii
305 261 383 307 Dei
408 279 578 317 sumus,
609 260 755 306 adhuc
789 258 1033 305 ffdificatur
1053 260 1262 323 templum
1286 261 1378 307 Dei.
1405 262 1457 307 ln

84 332 224 395 capite
243 336 421 392 suojam
449 332 701 377 dedicatum
729 341 814 383 est3
840 329 1045 393 quoniam
1085 331 1291 376 Dominus
1314 349 1458 378 resur-

85 402 187 448 rexit
224 420 244 448 a
277 403 480 455 mortuis,
510 402 679 447 devicta
712 411 874 455 morte,
904 399 1167 445 mortalitate
1202 413 1461 466 consumpta

85 472 275 518 ascendit
305 473 350 518 in
387 472 548 518 eoelum
580 490 589 518 :
619 473 721 536 quia
747 471 936 534 scriptus
979 470 1031 515 de
1056 469 1129 515 illo
1154 482 1244 516 erat
1266 472 1462 518 l’salmus

85 541 366 589 dedicationis
387 542 590 589 domus1.
628 543 730 589 ldeo
748 553 846 606 post
868 541 1108 605 passionem
1132 541 1240 587 dicit
1264 560 1274 586 ι
1298 564 1317 582 «
1341 545 1464 589 (Ion-

85 634 105 655 »
129 613 295 658 vertisti
334 614 504 659 luctum
542 631 684 659 meum
718 614 762 658 in
799 611 1005 672 gaudium
1042 611 1180 667 mihi,
1215 612 1464 659 conscidisti

86 704 106 724 »
130 700 301 729 saccum
321 701 484 740 meum,
516 695 558 729 et
599 683 817 730 accinxisti
837 700 902 728 me
919 681 1215 743 jucunditate,
1240 694 1289 728 ut
1307 682 1465 747 psallat

86 774 106 794 ³>
125 753 205 798 tibi
232 753 363 814 gloria
388 772 480 800 mea
498 792 508 810 ‚
532 766 573 800 et
598 772 684 800 non
705 770 977 817 compungar
995 753 1028 799 2.
1055 776 1073 792 υ
1109 753 1235 799 Facta
1269 764 1330 799 est
1362 770 1462 813 ergo

84 822 156 869 illa
187 835 284 887 post
314 825 553 888 passionem
586 824 802 870 dedicatio
834 823 878 869 in
909 822 1233 870 resurrectione.
1275 824 1386 884 Ergo
1420 834 1462 868 et

85 904 225 940 nostra
247 895 375 941 modo
400 896 449 941 fit
473 895 707 942 {fdificatio
731 912 809 959 per
836 893 988 949 fidem,
1018 904 1064 939 ut
1096 894 1171 940 fiat
1193 905 1236 939 et
1263 895 1356 958 ipsa
1380 894 1461 941 de-

74 963 246 1036 (dicatio
267 984 344 1029 per
366 966 562 1012 ultimam
590 966 959 1012 resurrectionem.
987 965 1185 1028 Denique
1208 976 1306 1029 post
1329 965 1455 1012 istum

37 1034 302 1119 sl’salinum
325 1037 611 1083 dedicationis
630 1037 802 1091 domus,
830 1036 906 1082 ubi
935 1035 1177 1081 ostenditur
1195 1036 1462 1082 resuscitatio

34 1123 36 1127 ’
86 1105 242 1168 capitis
271 1107 424 1162 nostri,
454 1106 563 1153 alius
590 1117 651 1152 est
678 1106 872 1151 l'salinus
895 1116 994 1169 post
1012 1105 1165 1161 istum,
1187 1123 1271 1151 non
1294 1116 1391 1151 ante
1413 1106 1465 1153 is-

86 1186 197 1229 tum,
227 1181 352 1236 cujus
384 1178 445 1223 sic
466 1177 603 1223 habet
627 1177 779 1222 titulus
808 1195 817 1221 :
851 1198 870 1217 c<
894 1175 1082 1231 Quando
1104 1176 1258 1222 domus
1280 1176 1468 1222 ‹oedifica-

86 1245 216 1292 batur
262 1259 359 1311 post
388 1248 684 1312 captivitatem
700 1247 732 1293 3.
756 1270 775 1288 »
808 1246 999 1292 Recolite
1030 1247 1354 1310 captivitatem,
1391 1247 1469 1293 ubi

89 1326 209 1362 antea
244 1317 474 1370 fuerimus,
511 1317 689 1381 quando
726 1328 864 1363 totum
901 1316 1115 1362 mundum
1143 1316 1261 1363 velut
1288 1335 1470 1363 massam

89 1385 329 1433 infidelium
356 1388 559 1434 diabolus
584 1388 848 1451 possidebat.
882 1387 1067 1451 Propter
1091 1387 1208 1433 hanc
1235 1388 1471 1451 captivita-

88 1466 172 1502 tem
208 1458 477 1522 Redemptor
518 1459 724 1511 advenit3
765 1458 953 1521 pretium
990 1468 1184 1503 nostrum
1221 1459 1472 1518 sanguinem

88 1543 211 1572 suum
233 1527 346 1574 fudit
373 1546 383 1573 ε
414 1528 509 1574 suso
538 1545 614 1573 suo
644 1528 876 1587 sanguine,
904 1528 1173 1590 captivitatis
1195 1539 1352 1574 nostrae
1376 1529 1470 1574 ins-

88 1606 302 1644 trumenta
327 1598 498 1645 delevit.
530 1620 547 1637 «
574 1600 679 1652 Lex,
706 1598 850 1661 inquit
881 1596 1130 1661 Apostolus,
1160 1598 1364 1661 spiritalis
1384 1609 1464 1648 est.

90 1683 205 1726 »ego
231 1679 373 1713 autem
407 1667 591 1714 carnalis
616 1684 709 1713 sum
727 1705 738 1719 ,
770 1667 1062 1713 venumdatus
1085 1668 1166 1712 sub
1187 1679 1368 1731 peccato
1385 1668 1419 1715 4.
1450 1690 1469 1710 »

91 1736 224 1782 Antea
244 1739 325 1784 sub
344 1749 525 1802 peccato
547 1737 815 1789 venumdati,
844 1737 917 1782 sed
939 1748 1086 1799 postea
1112 1739 1248 1796 gratia
1276 1738 1465 1785 liberati.

91 1806 193 1852 Post
221 1808 338 1854 illam
362 1809 680 1872 captivitatem,
714 1807 869 1853 domus
899 1806 1028 1852 modo
1054 1807 1330 1861 aedilicatur3
1355 1819 1396 1854 et
1425 1819 1472 1854 ut

91 1875 347 1931 aedilicetur,
383 1878 716 1938 evangelizatur.
740 1877 810 1922 Sic
829 1877 943 1922 enim
962 1876 1119 1939 incipit
1136 1876 1331 1923 Psalmus
1347 1879 1437 1942 ipse
1458 1896 1469 1924 ι

91 1966 110 1986 α
134 1949 317 1993 Cantate
347 1948 532 1993 Domino
557 1947 776 1992 canticum
810 1963 988 1992 novum.
1026 1969 1044 1985 »
1070 1947 1125 1992 lit
1150 1964 1202 1992 ne
1230 1959 1354 2010 putes
1389 1948 1474 1994 do-

92 2032 208 2062 mum
232 2018 355 2063 istam
377 2018 419 2064 in
443 2035 530 2063 uno
549 2016 707 2077 angulo
728 2015 953 2068 ffdifieari,
975 2016 1086 2061 sicut
1102 2015 1324 2062 aedifieant
1338 2017 1473 2063 schis-

91 2086 237 2131 matici
256 2124 266 2140 ‚
296 2087 363 2132 vel
394 2087 589 2133 haeretici
608 2124 619 2141 ,
648 2085 822 2132 attende
843 2084 961 2149 quod
987 2086 1213 2148 sequitur:
1237 2108 1256 2127 «
1290 2089 1473 2133 cantate

0 2197 7 2204 ,
40 2127 321 2269 anino
346 2157 485 2201 omnis
512 2167 623 2201 terra
642 2156 675 2202 5.
707 2177 728 2196 »

0 2267 7 2274 .
179 2225 476 2291 ‘5²⁷1221Qaut21te
499 2226 687 2271 Domino
706 2226 925 2272 canticum
948 2243 1126 2273 novum.
1155 2247 1176 2267 »
1197 2225 1359 2272 Contra
1372 2243 1472 2273 can-

89 2294 224 2341 ticum
245 2291 725 2360 vetusssffestamentum
744 2313 925 2353 novum,
954 2297 1057 2360 quia
1078 2298 1198 2360 prius
1216 2297 1251 2340 T
1256 2307 1472 2343 estanlen-

94 2372 185 2410 tum
223 2376 345 2412 vetus
378 2384 389 2412 ε
426 2364 575 2412 novus
605 2366 769 2423 lionio,
811 2377 860 2412 ut
896 2367 1141 2431 desonatur
1166 2376 1288 2412 vetus
1321 2366 1469 2414 homo.

141 2470 151 2492 ¹
181 2466 264 2499 Psal.
285 2477 378 2504 xxix.
402 2480 490 2500 1.—-
515 2465 636 2502 21bid.
658 2478 713 2507 12,
736 2468 790 2499 13.
816 2485 859 2493 —
879 2464 958 2501 31⁴1.
979 2479 1048 2507 xcv,
1066 2479 1089 2500 1.
1114 2484 1160 2492 --
1179 2464 1196 2491 ⁴
1221 2470 1316 2500 Rom.
1333 2479 1397 2509 vu,
1416 2473 1476 2506 14,

94 2515 165 2542 -5
183 2520 259 2552 Psal.
273 2530 348 2563 xcv,
370 2532 392 2551 ι,
