1866 3241
389 162 480 224 392
810 178 844 206 s.
889 176 1130 206 AUGUSTJNI
1165 177 1369 207 EPlsCom

390 241 544 288 ritatiS.
582 240 649 288 Ad
681 241 767 288 hoe
797 258 873 288 nos
898 241 1126 288 exhortans
1153 242 1384 305 Apostolus
1407 243 1466 289 ait
1495 261 1506 288 :
1534 265 1553 285 ‹<
1588 244 1757 290 Dilata-

392 333 414 354 »
438 311 568 367 mini,
604 330 656 357 ne
681 312 769 358 sitis
791 317 943 372 jugum
970 313 1178 358 ducentes
1208 330 1305 358 eum
1340 313 1635 360 infidelibusl.
1667 336 1687 356 »
1714 316 1759 361 Si

395 382 644 437 dilatemur,
677 382 929 429 deambulat
952 383 994 428 in
1025 383 1149 428 nohis
1177 385 1287 428 Deus
1310 401 1320 428 :
1344 384 1414 429 sed
1444 395 1489 429 ut
1513 384 1758 442 dilatemur,

396 463 597 517 operetur
624 453 714 516 ipsc
746 454 868 499 Deus.
908 453 951 498 Si
979 453 1089 499 enim
1116 452 1387 499 latitudinem
1418 454 1607 500 charitas
1627 455 1759 511 facit,

397 541 496 588 quae
520 540 606 569 non
625 523 746 569 novit
772 524 1013 583 angustias;
1039 523 1180 569 videte
1200 524 1301 587 quia
1335 525 1446 570 Deus
1466 524 1549 570 sibi
1571 525 1616 569 in
1640 526 1765 571 nobis

395 594 670 641 latitudinem
689 594 816 650 facit,
846 594 940 657 ipso
960 593 1131 639 dicente
1160 594 1364 658 Apostolo
1386 612 1396 639 :
1418 616 1438 636 «
1466 594 1665 640 Charitas
1686 596 1768 642 Dei

400 686 421 706 2>
444 664 601 710 diffusa
625 674 687 709 est
718 663 762 709 in
786 663 994 709 cordibus
1018 664 1172 710 nostris
1202 681 1279 728 per
1303 664 1514 728 Spiritum
1539 675 1734 711 sanctum
1752 704 1763 723 ,
1800 683 1803 699 ἰ

402 758 421 778 >2
445 735 518 799 qui
544 734 670 780 datus
688 745 749 780 est
776 734 902 780 nobis
919 735 952 781 2.
985 756 1005 776 »
1028 736 1212 798 Propter
1229 735 1344 781 hanc
1363 734 1635 781 latitudinem
1653 773 1664 793 ,
1696 737 1768 782 in-
1802 781 1805 794 ,

402 823 552 870 quam,
575 805 619 851 in
643 805 770 851 nobis
791 804 1044 852 deambulat
1070 807 1199 853 Deus.

471 877 527 923 ll.
565 875 698 922 Modo
723 875 913 939 Apostoli
944 876 1131 939 Epistola
1159 894 1259 923 cum
1289 877 1561 932 recitaretur,
1598 876 1771 922 audivi-

404 962 501 992 mus
528 963 540 991 ι
566 967 586 988 «
616 945 784 1009 Spiritu
809 945 1052 1003 ambulate,
1084 957 1126 992 et
1158 946 1529 1011 concupiscentias
1551 947 1690 992 carnis
1719 964 1772 992 ne

406 1037 427 1057 »
448 1014 723 1080 perfeceritis,
755 1016 868 1061 Caro
895 1015 1006 1061 enim
1032 1017 1304 1080 concupiscit
1327 1017 1526 1062 adversus
1551 1016 1770 1079 spiritum,

408 1107 428 1127 >2
449 1096 491 1131 et
510 1085 686 1149 spiritus
704 1084 905 1131 adversus
928 1103 1113 1134 carnem.
1147 1087 1254 1133 ltaec
1281 1087 1393 1133 enim
1421 1086 1604 1132 invicem
1626 1086 1775 1132 adver-

410 1178 430 1198 »
453 1166 620 1211 santur,
648 1166 697 1201 ut
723 1173 810 1201 non
831 1172 877 1201 ea
897 1172 996 1219 quae
1014 1156 1143 1202 vultis
1159 1156 1325 1202 faciatis
1349 1157 1382 1204 3.
1410 1180 1428 1197 »
1448 1156 1684 1220 Baptizatis
1704 1156 1776 1201 di-
1811 1194 1813 1203 .

408 1226 568 1273 cebat:
617 1226 687 1272 sed
723 1225 934 1290 templum
971 1226 1050 1272 Dei
1086 1226 1234 1272 adhuc
1266 1226 1545 1281 aedificabat,
1582 1225 1777 1272 nondum

411 1296 658 1344 dedicabat.
682 1296 852 1348 Videte,
875 1296 1025 1342 fratres
1048 1297 1149 1351 mei,
1176 1296 1544 1360 quemadmodum
1566 1313 1666 1342 cum
1683 1295 1779 1341 loca

410 1368 504 1430 ipsa
523 1377 688 1412 terrena
706 1366 749 1412 in
772 1366 920 1412 melius
943 1377 1274 1422 convertuntur,
1298 1366 1379 1412 alia
1400 1367 1633 1412 diruuntur
1652 1376 1779 1428 atque

411 1435 695 1496 franguntur,
725 1436 807 1481 alia
840 1436 886 1481 in
917 1435 1109 1481 meliores
1135 1453 1235 1481 usus
1266 1446 1616 1489 conmiutantur3
1647 1435 1706 1480 sie
1737 1446 1781 1480 et
1816 1439 1818 1492 ζ

412 1524 490 1553 nos
509 1524 669 1553 sumus.
701 1507 847 1569 Opera
871 1507 1012 1551 carnis
1040 1506 1216 1551 fuerunt
1238 1506 1284 1551 in
1302 1506 1439 1553 nobis.
1472 1506 1658 1552 Audistis
1682 1522 1783 1551 cum

410 1587 869 1622 commemorarentur:
888 1597 907 1617 «
929 1576 1151 1621 Manifesta
1169 1587 1309 1621 autem
1330 1586 1447 1626 sunt,
1468 1576 1627 1639 inquit,
1652 1592 1783 1638 opera
1819 1602 1820 1609 κ

413 1669 433 1688 »
453 1646 610 1701 carnis,
641 1663 740 1710 quae
764 1657 864 1691 sunt
883 1645 1206 1699 fornicationes,
1236 1646 1543 1701 immunditiae,
1568 1645 1784 1691 idolorum

415 1739 436 1759 υ
460 1718 657 1773 servitus,
688 1717 913 1772 veneficia,
943 1739 963 1758 »
983 1735 1070 1762 non
1102 1717 1310 1762 beneficia
1327 1754 1337 1771 ,
1372 1717 1417 1762 id
1438 1728 1516 1771 est,
1543 1734 1630 1762 non
1652 1734 1674 1761 a
1699 1716 1785 1761 bo-
1821 1718 1823 1722 '

414 1788 479 1834 nis
502 1788 637 1843 dicta,
661 1787 733 1832 sed
752 1805 775 1832 a
788 1787 961 1833 venenis
983 1804 993 1831 :
1016 1808 1035 1827 «
1061 1787 1387 1839 Contentiones,
1415 1786 1671 1837 inimicitiae,
1695 1785 1785 1831 hae-

414 1880 435 1900 »
460 1875 584 1913 reses,
617 1856 811 1911 invidiae,
841 1857 1088 1911 ebrietates,
1115 1867 1156 1900 et
1185 1856 1254 1901 his
1286 1856 1470 1908 similia;
1503 1879 1520 1896 υ
1547 1853 1789 1914 dejicienda

414 1939 533 1984 sunt,
560 1944 647 1972 non
684 1926 892 1972 mutanda
918 1944 928 1971 :
956 1948 976 1967 «
1004 1928 1114 1982 Quae
1140 1926 1351 1989 prffdieo,
1383 1926 1543 1988 inquit,
1566 1925 1706 1979 vobis,
1729 1924 1790 1969 si-
1825 1935 1827 1968 ὲ

417 2021 437 2041 »
463 2009 539 2044 cut
563 1997 757 2061 prredixi,
779 1997 984 2061 quoniam
1003 1998 1078 2060 qui
1107 1997 1205 2042 talia
1226 2007 1377 2056 agunt,
1405 2013 1582 2056 regnum
1609 1995 1682 2040 Dei
1703 2012 1792 2040 non
1826 2015 1829 2048 3

419 2091 440 2112 ›>
457 2068 746 2133 possidebunt
761 2068 793 2114 Δ.
823 2091 841 2109 »
863 2069 949 2113 Ista
966 2067 1010 2112 in
1033 2066 1175 2121 nobis,
1201 2077 1403 2129 tauquam
1423 2066 1536 2112 idola
1556 2063 1792 2123 frangenda

417 2138 564 2186 sunt5.
599 2139 650 2183 ln
671 2155 771 2184 usus
790 2148 935 2183 autem
959 2136 1150 2182 meliores
1172 2137 1374 2182 vertenda
1395 2146 1493 2181 sunt
1520 2136 1614 2198 ipsa
1631 2151 1794 2196 corpo-

415 2210 473 2256 ris
498 2209 634 2255 nostri
663 2209 878 2263 membra,
906 2218 952 2252 ut
972 2223 1070 2270 quae
1095 2207 1336 2251 serviebant.
1352 2204 1642 2251 immunditiae
1663 2203 1794 2266 cupi-

413 2279 581 2334 ditatis,
615 2279 801 2324 serviant
822 2278 971 2338 gratiae
1003 2276 1242 2323 charitatis,

482 2350 565 2395 111.
600 2348 684 2394 Sed
722 2349 864 2395 videte
893 2346 1001 2411 quid
1025 2346 1202 2402 dixerit,
1242 2357 1284 2391 et
1311 2345 1538 2406 diligenter
1565 2343 1788 2390 advertite.
1832 2351 1833 2355 ’

476 2449 486 2470 ¹
507 2459 523 2478 2
542 2449 677 2484 cors-1,
711 2449 762 2485 13,
783 2454 892 2484 14.—
908 2445 924 2468 2
946 2449 1038 2478 Rom.
1062 2456 1090 2483 V,
1108 2446 1138 2477 5.
1157 2463 1202 2472 -
1221 2442 1236 2469 3
1252 2443 1357 2479 Galat.
1381 2456 1410 2483 V,
1437 2447 1489 2487 ιδ,
1515 2457 1566 2486 ¹7·
1592 2462 1635 2470 -—
1669 2440 1684 2466 ⁴
1714 2442 1797 2477 lbid-
1834 2490 1835 2494 Ἰ

427 2512 502 2540 ¹19·OE
515 2511 540 2531 ι.
556 2516 599 2524 --
619 2499 632 2521 5
649 2504 758 2533 {eorus
776 2502 812 2533 at!
833 2501 935 2532 Galat,
958 2511 974 2526 ι·

1828 2135 1830 2154 t
