1866 3241
422 302 513 369 572
1030 320 1182 353 minax.

741 400 753 417 ι
778 386 881 421 facere
898 385 1092 431 quidquam,
1115 386 1175 419 nisi
1191 385 1277 428 quod
1292 385 1408 420 viderit
1423 386 1551 420 Patrem
1566 384 1684 420 sacien‘

738 453 750 469 ¹²
775 444 851 472 lem.
872 454 887 470 >›

416 490 526 523 Sanno
566 503 688 526 cxivu.
714 493 762 524 De
779 493 883 524 verbis
909 491 1071 533 Evangelii
1090 492 1185 524 Joan.
1199 502 1229 524 v.
1256 506 1268 521 α
1287 492 1403 529 Amen,
1421 491 1523 523 Amen
1541 490 1613 522 dico
1632 499 1685 520 vo-

738 559 751 573 »
775 544 834 583 bis,
851 544 925 586 quia
942 545 1049 576 veniet
1072 544 1164 581 hora,
1184 549 1214 575 et
1230 553 1315 574 nunc
1332 548 1395 579 est,
1415 542 1543 584 quando
1567 542 1686 574 mortui

734 610 747 625 n
769 597 900 629 audient
924 607 1036 628 vocem
1068 595 1139 627 Filii
1172 595 1230 627 Dei
1249 617 1257 632 ,
1291 600 1322 626 et
1346 594 1399 636 qui
1430 593 1608 628 audierint.
1641 592 1687 624 vi-

739 661 751 676 „
775 653 863 686 vent,
881 652 956 682 etc.⁹
974 657 1120 678 »necnon
1138 647 1176 677 de
1191 645 1296 677 verbis
1310 645 1468 688 Apostoli,
1487 658 1499 674 ι
1518 655 1530 676 1
1548 644 1627 676 Cor.
1645 654 1684 676 n.

738 714 750 728 n
779 699 872 739 Quod
887 699 996 731 oculus
1013 709 1077 730 non
1092 697 1185 733 vidit.
1208 703 1271 730 etc.
1288 711 1305 727 »

546 768 684 790 cxxviii.
710 759 757 790 De
787 759 892 790 verbis
920 757 1084 798 Evangelii
1102 757 1197 790 Joan.
1225 768 1256 789 v.
1283 770 1299 787 «
1330 757 1362 789 Si
1388 768 1446 799 ego
1469 756 1688 790 testimonium

739 823 751 838 ο
776 809 930 850 perhibeo
957 808 997 840 de
1027 819 1091 847 me,
1122 814 1200 847 etc„
1225 821 1241 839 »
1269 809 1372 851 deque
1398 808 1504 840 verbis
1528 807 1688 848 Apostoli,

739 862 847 893 Galat.
868 872 898 892 v.
923 875 934 889 ι
953 860 1073 902 Spiritu
1088 860 1261 896 ambulate,
1279 866 1310 892 et
1324 859 1598 901 concupiscentias
1614 868 1686 889 car-

742 926 754 941 »
779 913 826 944 nis
843 923 882 944 ne
903 912 1110 954 perfeceritis.
1137 913 1222 943 Caro
1240 912 1323 943 enim
1339 911 1546 953 concupiscit,
1561 916 1626 942 etc.
1645 923 1661 939 υ

560 982 667 1003 cxxix.
697 972 745 1003 De
760 971 864 1002 verbis
882 972 1044 1013 Evangelii
1067 972 1159 1003 Joan.
1179 982 1209 1002 v.
1240 985 1253 999 «ι
1278 969 1470 1002 Scrutamini
1497 969 1690 1011 Scripturas,

742 1036 757 1052 n
778 1022 807 1054 in
826 1023 941 1065 quibus
956 1025 1072 1065 putatis
1088 1035 1140 1054 vos
1155 1023 1251 1055 vitam
1266 1029 1420 1054 aeternam
1439 1021 1572 1059 habere,
1591 1028 1650 1053 etc.
1671 1034 1686 1050 n

744 1075 864 1106 Contra
893 1075 1087 1107 Donatistas.

571 1144 665 1166 cxxx·
691 1135 739 1166 De
762 1135 868 1166 verbis
887 1135 1049 1178 Evangelii
1076 1136 1173 1168 Joan.
1197 1147 1241 1166 vr.
1266 1135 1318 1167 ubi
1343 1141 1489 1166 narratur
1505 1133 1691 1165 miraculum

737 1186 776 1217 de
794 1187 932 1229 quinque
951 1187 1084 1228 panibus
1101 1193 1130 1219 ct
1147 1187 1271 1218 duobus
1293 1187 1439 1228 piscibus.

561 1257 669 1278 cxxxi.
700 1245 747 1278 De
771 1247 875 1279 verbis
899 1247 1062 1290 Evangelii
1093 1248 1190 1278 Joan.
1220 1258 1267 1278 vi.
1301 1246 1402 1278 «Nisi
1422 1245 1690 1276 manducaveritis

739 1312 751 1327 n
770 1310 907 1333 carnem.
925 1306 983 1330 etc.
1005 1299 1128 1341 »deque
1147 1298 1252 1332 verbis
1269 1298 1415 1341 Apostoli
1435 1303 1465 1330 et
1484 1298 1691 1337 Psalmorum,

739 1357 849 1382 contra
866 1351 1065 1392 Pelagianos.

555 1421 676 1444 cxxxii.
703 1412 751 1444 De
776 1412 881 1443 verbis
908 1412 1072 1453 Evangelii
1094 1411 1190 1443 Joan.
1223 1422 1268 1442 vr.
1295 1423 1311 1440 α
1342 1411 1424 1441 Caro
1443 1420 1509 1442 nica
1529 1419 1600 1439 vere
1626 1419 1693 1440 esca

747 1476 762 1492 υ
781 1469 839 1498 est.
865 1468 896 1495 et
912 1464 1036 1504 sanguis
1053 1473 1141 1494 meus
1165 1472 1237 1494 vere
1255 1467 1347 1504 potus
1362 1467 1423 1493 est.
1439 1461 1502 1503 Qui
1526 1460 1693 1491 inanducat.

755 1527 771 1544 »
790 1525 889 1546 meam
904 1525 1044 1548 carnem,
1058 1519 1117 1545 etc.
1136 1527 1151 1543 »

543 1585 679 1606 cxxxiii.
706 1575 753 1606 De
769 1574 874 1605 verbis
889 1574 1052 1614 Evangelii
1072 1575 1166 1605 Joan.
1186 1583 1244 1611 vii,
1264 1572 1326 1604 Ubi
1345 1573 1437 1604 Jesus
1455 1582 1516 1603 non
1534 1582 1564 1602 se
1581 1581 1687 1602 ascen-

744 1636 852 1657 surum
867 1625 907 1656 ad
922 1625 1006 1657 diem
1022 1625 1136 1657 festum
1152 1625 1288 1660 dixerat,
1305 1629 1335 1655 et
1351 1629 1456 1655 tamen
1473 1622 1629 1654 ascendit.

546 1695 676 1717 cxxxiv.
703 1686 752 1716 De
769 1684 871 1716 verbis
885 1685 1048 1724 Evangelii
1065 1686 1163 1716 Joan.
1179 1695 1250 1715 viii.
1265 1696 1279 1713 «
1296 1683 1328 1714 Si
1342 1681 1523 1714 manseritis
1540 1682 1572 1712 in
1589 1680 1686 1712 verbo

749 1750 761 1764 ι
786 1747 868 1773 meo,
887 1746 959 1767 vere
976 1735 1120 1777 discipuli
1138 1735 1198 1767 mei
1216 1735 1303 1770 estis,
1319 1740 1382 1765 etc.
1409 1746 1425 1762 »

564 1808 677 1828 cxxxv.
701 1798 750 1829 De
766 1796 872 1828 verbis
889 1797 1011 1837 Evang.
1027 1797 1121 1827 Joan.
1140 1807 1182 1827 ix.
1204 1809 1216 1824 e
1233 1795 1300 1835 Ego
1311 1794 1396 1829 veni,
1414 1798 1448 1825 ut
1468 1793 1581 1825 faciam
1597 1803 1694 1834 opera

747 1863 759 1877 »
784 1848 863 1890 ejus,
890 1847 944 1889 qui
970 1847 1058 1879 misit
1085 1857 1147 1878 me.
1167 1861 1179 1874 n
1213 1847 1337 1877 Contra
1357 1845 1506 1876 Arianos.
1533 1844 1574 1876 Et
1601 1844 1639 1874 de
1657 1854 1694 1875 eo

746 1899 830 1941 quod
847 1898 890 1931 ait
905 1898 1100 1930 illuminatus
1116 1898 1170 1928 itte
1184 1897 1238 1939 qui
1253 1902 1321 1928 erat
1334 1906 1434 1928 caecus
1455 1900 1568 1928 natus:
1588 1908 1604 1924 «
1628 1894 1695 1926 Sci-

751 1963 767 1980 »
786 1961 853 1982 inus
870 1950 942 1992 quia
959 1955 1140 1992 peccatores
1163 1949 1251 1980 Deus
1266 1959 1330 1979 non
1347 1947 1488 1979 exaudit.

551 2021 680 2043 cxxxvi.
708 2011 746 2042 ln
773 2010 917 2042 eamdem
940 2010 1110 2041 lectionem
1134 2008 1302 2051 Evangelii
1320 2009 1419 2041 Joan.
1438 2018 1481 2049 ix,
1508 2006 1548 2039 de
1579 2005 1699 2038 illumi-

747 2062 876 2094 natione
891 2062 962 2093 coevi
982 2061 1062 2094 nati.

549 2125 689 2147 cxxxvii,
714 2114 753 2145 ln
782 2112 944 2154 Evangelii
962 2113 1055 2145 Joan.
1076 2123 1103 2143 x.
1128 2112 1166 2144 de
1194 2117 1318 2154 pastore
1337 2134 1346 2150 ,
1371 2115 1402 2143 et
1426 2110 1636 2148 mercenario,
1662 2115 1694 2141 et

737 2165 814 2197 sure.

527 2229 678 2251 cxxxviii.
705 2218 753 2249 De
780 2217 885 2253 verbis
910 2216 1072 2258 Evangelii
1098 2217 1195 2248 Joan.
1216 2226 1244 2246 x.
1272 2228 1288 2244 «ι
1318 2215 1387 2258 Ego
1418 2224 1488 2246 sum
1515 2219 1626 2257 pastor
1641 2213 1697 2246 bo-

744 2282 758 2298 »
780 2279 850 2308 nus,
867 2274 927 2301 etc.
947 2282 961 2297 υ
978 2270 1100 2300 Contra
1121 2269 1322 2300 Donatistas.

556 2331 686 2352 cxxxix.
713 2320 762 2352 De
784 2320 886 2352 verbis
910 2319 1074 2363 Evangelii
1100 2319 1197 2350 Joan.
1221 2329 1256 2351 x.
1286 2331 1301 2348 «
1331 2317 1399 2360 Ego
1426 2323 1456 2350 et
1482 2318 1580 2350 Pater
1596 2324 1694 2348 unum

751 2385 764 2402 ι
789 2382 905 2403 sumus.
926 2386 937 2400 ι

620 2435 689 2457 ext..
715 2424 765 2456 De
782 2422 885 2455 verbis
903 2421 1068 2463 Evangelii
1083 2421 1179 2453 Joan.
1197 2431 1257 2453 xii.
1282 2434 1293 2449 α
1308 2419 1370 2460 Qui
1386 2419 1488 2452 credit
1503 2419 1536 2450 in
1551 2429 1614 2457 mc,
1629 2429 1693 2451 non

757 2489 770 2504 ι»
793 2485 858 2506 non
872 2473 974 2506 credit
992 2473 1021 2503 in
1038 2482 1103 2513 me,
1125 2471 1180 2504 scd
1197 2472 1228 2503 in
1245 2482 1315 2503 eum
1330 2471 1383 2513 qui
1397 2480 1446 2501 me
1462 2469 1557 2502 misit.
1577 2483 1593 2499 J)
1611 2470 1697 2501 Con-

759 2531 808 2558 tra
826 2523 985 2568 quoddam
1000 2522 1120 2555 dictum
1140 2521 1308 2555 Maximini
1326 2520 1521 2553 Arianorum
1539 2519 1693 2562 episcopi,

752 2577 805 2619 qui
819 2586 890 2608 cum
908 2574 1088 2619 Segisvulto
1101 2574 1217 2609 comite
1232 2572 1422 2607 constitutus
1436 2570 1468 2603 in
1487 2569 1596 2606 Africa
1608 2570 1694 2604 blas-

750 2628 935 2672 phemabat.

1751 434 1794 479 74

1754 694 1794 725 86

1754 920 1795 951 99

1738 1083 1791 1103 111

1738 1184 1796 1216 118

1739 1349 1796 1379 125

1742 1945 1799 1977 153

1742 2056 1795 2088 161

1745 2161 1801 2203 167

1742 2262 1800 2295 182

1744 2376 1800 2407 ¹9²

1743 2620 1804 2663 198
