1866 3241
400 225 451 280 14
809 237 842 266 s.
886 234 1126 266 Aueus'rim
1162 237 1363 267 EPISCOPI

393 326 411 345 »
431 304 578 348 cifixus
601 311 679 358 est,
701 311 742 346 et
760 317 836 360 ego
853 299 1058 346 mundo1.
1085 301 1271 346 »Funde
1296 302 1577 362 Evangeliuin
1602 323 1612 350 :
1638 307 1757 369 quod

390 372 524 419 corde
539 371 792 436 concepisti,
815 387 886 417 ore
909 370 1150 417 dissemina.
1179 371 1370 417 Audiant
1389 384 1549 433 gentes,
1578 376 1757 422 credant

391 448 533 504 gentes
558 441 809 508 :pullulent
835 451 994 501 gentes,
1030 452 1230 487 nascatur
1264 442 1316 487 de
1349 445 1553 503 sanguine
1587 446 1757 509 Marty-

391 512 486 559 rum
512 530 667 578 sponsa
698 513 887 558 Domino
907 522 1163 575 purpurata.
1201 514 1257 557 Et
1287 530 1333 557 ex
1363 512 1433 558 illa
1467 531 1597 577 quam
1633 515 1758 561 multi

391 594 680 640 accesserunt,
709 600 840 647 quam
863 581 1000 627 multa
1031 582 1225 627 membra
1248 583 1383 645 capiti
1402 584 1671 630 coliaeseriilit
1686 623 1696 641 ‚
1717 596 1758 631 et

392 655 613 701 cohaerent
630 671 766 711 nunc,
809 664 850 698 et
884 652 1098 698 credunt?
1144 654 1198 697 lit
1223 653 1432 716 baptizati
1456 665 1554 699 sunt
1593 655 1679 711 isti,
1717 667 1758 701 et

390 724 736 789 baptizabuntur
760 723 849 780 alii,
876 734 918 768 et
941 733 1039 786 post
1063 740 1139 768 nos
1160 723 1334 769 venient
1357 723 1490 770 alteri.
1520 725 1664 782 Tunc,
1685 727 1757 772 in-

391 810 539 856 quam,
559 795 604 840 in
621 796 705 840 fine
729 793 877 839 saeculi
900 792 1105 838 accedent
1124 792 1288 856 lapides
1312 792 1595 840 fundamento
1611 833 1622 852 ‚
1642 794 1758 859 lapi-

392 864 466 910 des
481 865 588 921 vivi,
614 864 779 929 lapides
797 864 951 919 sancti,
974 874 1023 908 ut
1050 864 1096 909 in
1119 864 1203 908 fine
1220 862 1462 909 aedificetur
1484 874 1624 910 totum
1647 865 1758 912 aedi-

390 934 541 980 ficium
571 935 627 980 ab
660 934 733 980 illa
757 933 972 986 Ecclesia;
1010 934 1097 978 imo
1124 933 1180 978 ab
1211 933 1290 978 ista
1309 933 1402 996 ipsa
1426 934 1633 991 Ecclesia,
1660 952 1759 999 quae

391 1001 521 1050 modo
542 1015 688 1051 cantat
720 1004 939 1050 canticum
962 1020 1149 1060 novum„
1181 1003 1286 1048 dum
1319 1003 1472 1049 domus
1496 1004 1751 1053 aedificatur.

394 1073 465 1118 Sic
487 1074 602 1119 enim
624 1074 760 1120 habet
776 1074 867 1137 ipse
885 1072 1108 1118 Psalmus:
1129 1096 1149 1114 «
1173 1073 1361 1129 Quando
1390 1073 1543 1119 domus
1563 1075 1759 1122 aedifica-

392 1166 412 1185 »
429 1145 561 1190 batur
582 1155 681 1209 post
697 1144 1007 1208 captivitatem.
1035 1165 1055 1185 >2
1083 1145 1139 1189 Et
1163 1144 1296 1207 quid.q
1322 1166 1341 1185 «
1362 1145 1544 1190 Cantate
1573 1147 1759 1192 Domino

390 1235 411 1254 >›
428 1215 839 1270 canticumnovum,
860 1224 1029 1259 cantate
1046 1215 1234 1259 Domino
1251 1216 1389 1259 omnis
1408 1216 1556 1262 terra2.
1579 1238 1600 1257 »
1616 1217 1761 1272 Quam

389 1302 545 1345 magna
584 1285 768 1331 domus!
809 1284 893 1329 Sed
931 1284 1106 1346 quando
1132 1296 1278 1329 cantat
1311 1286 1530 1331 canticum
1566 1290 1757 1333 novum?

390 1358 502 1400 Cum
534 1355 790 1401 aedificatur.
840 1353 1027 1410 Quando
1063 1354 1289 1399 dedicatur
1307 1358 1325 1398 ζ)
1373 1356 1426 1399 In
1466 1355 1549 1399 fine
1592 1356 1752 1403 saeculi.

392 1424 740 1470 Fundamentum
771 1423 905 1486 ipsius
929 1426 1021 1482 jam
1056 1423 1303 1468 dedicatum
1323 1434 1415 1468 est:
1448 1425 1549 1487 quia
1571 1425 1761 1470 ascendit

388 1495 433 1540 in
451 1494 631 1551 coelum,
652 1505 694 1540 et
717 1511 805 1539 non
825 1493 1021 1540 moritur.
1051 1492 1238 1548 Quando
1263 1504 1305 1538 et
1332 1511 1407 1539 nos
1425 1495 1726 1540 surrexerimus
1745 1533 1754 1549 ‚

389 1575 439 1610 ut
461 1581 688 1629 nunquam
705 1563 959 1619 moriamur,
987 1573 1092 1607 tunc
1116 1562 1431 1609 dedicabimur.

389 1726 572 1739 §vs-'mm
592 1728 600 1736 Ι
614 1726 756 1737 nnn-m
765 1725 1625 1737 υιιωνὶωινὶκνὶπιὶιννςικιςινιι-ιπωςιπνιῶικῑ
1634 1725 1754 1736 Μ1ι“

841 1831 1044 1877 SERMO
1083 1831 1248 1877 CXVII
1268 1831 1299 1877 ²⁹³.

389 1962 452 2007 De
486 1961 630 2008 verbis
654 1959 874 2020 Evangelii
907 1959 1031 2007 Joan.
1059 1977 1089 2006 1.
1139 1966 1195 2004 ln
1222 1963 1462 2023 prc'ncspc'o
1497 1972 1598 2005 erat
1639 1964 1755 2005 Ver-

453 2031 579 2087 bum,
616 2041 663 2076 et
691 2035 736 2076 V
735 2032 900 2074 erbum
927 2041 1028 2074 elul
1050 2031 1187 2092 apud
1221 2034 1374 2075 Deam
1394 2064 1404 2084 ‚
1438 2041 1484 2075 et
1508 2036 1634 2076 Deus
1654 2042 1756 2074 erac

458 2101 681 2159 Verbum,
698 2109 780 2146 etc.
805 2099 969 2145 Contra
985 2099 1164 2145 Arianos
1181 2100 1196 2162 (
1210 2099 1264 2162 1).

451 2248 486 2293 I.
518 2247 780 2293 CAPITULUM
804 2245 1024 2305 Evangelii
1059 2245 1178 2308 quod
1204 2245 1364 2290 lectum
1389 2256 1449 2289 est
1470 2283 1479 2302 ‚
1518 2246 1662 2290 {ratres
1680 2246 1752 2290 di-

382 2317 626 2374 lectissimi,
670 2333 833 2381 purum
877 2316 1055 2362 oculum
1086 2315 1229 2360 cordis
1277 2316 1473 2379 inquirit.
1516 2315 1751 2361 Dominum

385 2386 499 2431 enim
532 2398 728 2432 nostrum
764 2388 910 2432 Jesum
952 2386 1179 2431 Christum
1219 2387 1464 2449 accepimus
1513 2384 1751 2430 secundum

386 2456 665 2503 Divinitatem
684 2456 740 2503 ad
758 2456 1031 2504 condendam
1052 2456 1293 2502 universam
1312 2466 1568 2510 creaturam,
1594 2464 1751 2499 secun·-

435 2554 445 2577 1
464 2555 566 2589 Galat.
585 2567 627 2596 vi,
650 2562 700 2592 14·
714 2572 759 2580 —
775 2554 790 2578 2
802 2556 880 2589 Psal.
900 2567 971 2595 xcv,
991 2567 1018 2586 1.
1031 2572 1076 2578 ——
1088 2552 1102 2576 ³
1116 2554 1203 2587 Alias
1222 2565 1358 2597 xxxviii,
1374 2554 1413 2586 de
1429 2553 1532 2585 verbis
1551 2551 1693 2585 Domini.
