1866 3241
379 373 473 430 244
798 389 833 422 s.
875 391 1116 424 AUGUSTINI
1151 393 1354 425 Eriscom

376 454 643 502 manducare
665 467 894 520 peccatum
918 468 996 516 est,
1024 457 1096 504 sed
1113 458 1392 505 immoderate
1407 461 1469 506 uti
1493 458 1617 506 donis
1635 459 1714 506 Dei
1731 497 1742 517 ,

377 541 478 590 quae
497 525 653 572 tribuit
666 526 720 572 ad
744 543 845 573 usus
868 527 1050 581 homini.

438 596 521 642 III.
556 596 582 641 J
587 595 703 643 udae1
724 597 838 643 enim
864 608 1121 661 acceperant
1136 609 1251 644 certi
1278 598 1478 645 animilia
1501 616 1600 663 quae
1620 616 1747 646 man-

378 664 606 718 ducarent
635 677 676 711 et
701 678 815 712 certa
837 686 859 712 a
880 668 1040 730 quibus
1062 668 1355 715 abstinerent:
1378 668 1526 732 quod
1516 687 1562 715 ln
1579 669 1747 730 signifi-

376 736 544 782 catione
567 753 709 783 rerum
732 738 976 784 futurarum
1000 755 1069 784 eos
1087 740 1324 804 accepisse,
1348 739 1594 785 manifestat
1617 757 1748 803 apos-

376 806 490 852 tolus
515 807 699 864 Paulus,
733 807 908 854 dicens:
938 809 1107 854 «Nemo
1125 826 1224 869 ergo
1253 827 1328 856 vos
1345 808 1515 869 judicet
1543 809 1586 855 in
1617 809 1717 855 cibo
1734 847 1745 867 ,

375 897 398 919 »
417 888 493 923 aut
517 877 561 922 in
583 888 710 941 potu,
748 889 822 923 aut
841 878 885 925 in
905 890 1027 943 parte
1053 879 1137 926 diei
1156 879 1269 937 festi,
1295 890 1369 926 aut
1392 880 1644 937 neomeniae,
1676 889 1751 926 aut

377 967 400 989 >2
418 948 721 1003 sabbatorum,
749 948 867 1011 quod
882 959 942 994 est
960 950 1116 996 umbra
1133 949 1422 997 futurorunffl.
1448 971 1468 991 »
1494 951 1643 1014 Itaque
1658 953 1751 1010 jam

374 1018 648 1081 temporibus
677 1018 880 1064 Ecclesiae
919 1018 1027 1065 dicit
1071 1019 1152 1066 alio
1190 1019 1321 1066 loco:
1351 1019 1550 1065 «Omnia
1583 1019 1751 1066 munda

375 1086 612 1144 >›mundis‚
656 1087 730 1133 sed
762 1087 925 1134 malum
966 1100 1026 1135 est
1057 1089 1226 1135 homini
1254 1089 1331 1152 qui
1364 1106 1442 1153 per
1475 1089 1751 1134 offensionem

374 1157 694 1204 »manducat2.
715 1158 890 1204 »Erant
922 1160 1037 1205 enim
1071 1160 1146 1223 qui
1184 1170 1376 1224 tempore
1404 1159 1506 1216 illo,
1546 1176 1633 1222 quo
1673 1158 1753 1204 ista

373 1227 596 1274 scribebat
620 1227 875 1291 ApostoluS‚
906 1229 1110 1275 carnibus
1134 1230 1420 1277 vescebantur
1441 1266 1452 1287 ‚
1475 1229 1522 1275 in
1549 1228 1751 1275 offensio-

375 1314 475 1343 nem
494 1297 786 1361 quorumdam
809 1299 1095 1346 infirmorum.
1121 1299 1402 1345 Immolatitia
1416 1299 1531 1344 enim
1555 1315 1656 1344 caro
1676 1314 1753 1344 eo-

374 1383 474 1413 rum
492 1384 701 1431 pecorum
728 1384 828 1431 quae
845 1368 1098 1432 haruspices
1114 1369 1426 1426 immolabant,
1456 1379 1561 1415 tunc
1589 1369 1636 1414 in
1655 1385 1753 1414 ma·-

376 1437 484 1485 cello
520 1439 811 1495 vendebatur,
856 1450 898 1485 et
925 1439 1053 1487 multi
1094 1440 1245 1486 fratres
1290 1439 1571 1485 abstinebant
1614 1457 1656 1485 se
1696 1439 1753 1484 ab

373 1508 551 1554 edendis
574 1509 795 1566 carnibus,
819 1526 872 1554 ne
892 1509 960 1556 vel
985 1510 1123 1569 ignari
1145 1511 1413 1555 incurrerent
1430 1510 1476 1554 in
1493 1526 1562 1555 eas
1585 1525 1749 1566 cameS,

376 1577 431 1626 de
455 1579 616 1642 quibus
635 1579 897 1624 sacrificium
919 1578 1046 1624 idolis
1066 1580 1232 1625 factum
1257 1590 1361 1626 erat.
1400 1579 1525 1625 Unde
1549 1579 1631 1625 alio
1658 1578 1753 1624 loco

374 1648 494 1696 idem
519 1648 768 1713 Apostolus,
801 1665 854 1694 ne
884 1650 1036 1695 timore
1073 1650 1335 1695 conscientia
1373 1649 1623 1713 trepidaret,
1651 1650 1710 1695 ait
1739 1667 1749 1694 :

378 1739 400 1762 ε(
422 1720 565 1765 Omne
585 1718 704 1783 quod
722 1719 767 1764 in
788 1719 968 1765 macello
986 1720 1121 1777 venit,
1149 1720 1425 1777 manducate,
1444 1720 1754 1766 nihilinterro-

379 1810 401 1832 >a
420 1800 584 1850 gantos,
610 1799 792 1853 propter
810 1789 1135 1836 conscientiam.
1167 1790 1341 1835 Domini
1367 1800 1429 1835 est
1450 1790 1565 1835 enim
1587 1801 1697 1836 terra
1713 1799 1755 1835 et

378 1880 402 1902 ι)
419 1859 647 1924 plenitudo
670 1863 774 1919 ejus.
799 1881 820 1901 »
846 1860 901 1904 Et
924 1859 1080 1905 iterum
1103 1877 1113 1904 :
1144 1882 1163 1900 »
1183 1860 1229 1905 Si
1253 1860 1348 1922 quis
1367 1870 1508 1905 autem
1530 1877 1604 1905 vos
1622 1877 1754 1907 voca-
1814 1852 1817 1934 ᾗ

379 1951 402 1973 ›>
421 1930 532 1976 verit
550 1947 598 1975 ex
620 1929 886 1986 infidelibus,
914 1940 956 1974 et
979 1929 1199 1976 volueritis
1222 1929 1309 1983 ire3
1335 1929 1478 1974 omnia
1502 1946 1600 1991 quae
1619 1948 1754 1994 appo-

381 2021 402 2042 »
422 2010 587 2046 nuntur
620 1999 745 2046 vobis
784 1998 1060 2055 manducate,
1102 1999 1213 2044 nihil
1256 1998 1542 2058 dijudicantes
1578 2009 1756 2062 propter
1810 2053 1811 2061 ἵ

381 2092 404 2113 ι)
425 2070 746 2117 conscientiam.
779 2068 825 2114 Si
842 2070 938 2133 quis
959 2080 1100 2115 autem
1119 2069 1243 2116 vobis
1269 2069 1437 2125 dixerit,
1465 2069 1583 2131 quod
1603 2070 1755 2115 immo-

385 2162 406 2183 »
427 2140 616 2188 latitium
637 2150 725 2193 est;
747 2138 880 2185 nolite
903 2139 1184 2196 manducare,
1204 2150 1385 2202 propter
1407 2138 1529 2184 illum
1549 2140 1621 2201 qui
1641 2139 1760 2184 indi-
1808 2131 1809 2141 ¹

384 2233 404 2252 »
426 2211 557 2266 cavit,
574 2221 615 2254 et
638 2220 818 2273 propter
831 2210 1136 2255 conscientiam
1150 2209 1183 2257 3.
1210 2231 1229 2250 >1
1260 2209 1402 2253 Omne
1420 2225 1518 2268 ergo
1539 2209 1584 2253 in
1603 2209 1672 2254 his
1691 2226 1762 2253 re-
1806 2221 1807 2238 ἱ

384 2281 467 2326 bus
484 2281 570 2327 sive
588 2279 802 2325 mundum
816 2280 902 2325 sive
918 2278 1210 2334 immundum,
1224 2296 1310 2323 non
1324 2278 1368 2323 in
1386 2278 1758 2334 contaclucarnis,
1804 2299 1805 2302 ¹

385 2351 461 2397 sed
479 2351 526 2396 in
543 2350 818 2396 conscientiae
837 2349 1126 2412 puritate‚aut
1140 2349 1184 2393 in
1205 2348 1373 2394 macula
1387 2348 1667 2394 constitutum
1680 2358 1754 2394 est.
1802 2356 1803 2360 ’

452 2420 527 2468 lV,
570 2419 695 2465 Unde
727 2418 828 2464 data
861 2428 924 2463 est
950 2417 1125 2463 licentia
1155 2418 1443 2473 Christianis,
1474 2434 1572 2480 quae
1598 2418 1621 2462 J
1630 2417 1763 2462 uda-:is

387 2507 476 2536 non
494 2500 555 2535 est
576 2489 691 2536 data.
718 2489 877 2535 Omnia
892 2488 1006 2533 enim
1023 2488 1223 2534 animalia
1241 2505 1340 2551 quae
1360 2486 1526 2532 Judaeis
1539 2487 1762 2550 prohibita
1798 2507 1799 2524 ι

385 2571 486 2607 sunt
511 2559 797 2617 manducare,
827 2559 946 2620 signa
973 2568 1072 2604 sunt
1100 2574 1242 2604 rerum
1260 2595 1270 2614 ,
1297 2568 1338 2602 et
1356 2557 1466 2603 sicut
1485 2556 1653 2603 dictum
1674 2566 1758 2612 est,
1796 2570 1797 2573 ’
1853 2607 1862 2643 D

437 2659 449 2681 ¹
470 2658 595 2693 Coloss.
614 2670 648 2698 11,
669 2659 721 2700 16,
746 2669 800 2699 17.
823 2674 867 2682 —-
884 2655 979 2689 2'1'it.
1005 2668 1038 2703 t,
1073 2658 1115 2688 5.
1145 2661 1176 2688 et
1200 2659 1293 2689 Rom.
1324 2666 1390 2698 mv,
1425 2666 1475 2686 20.
1501 2672 1544 2678 —
1572 2651 1586 2676 ‘3
1607 2665 1618 2684 ι
1643 2657 1714 2687 Cor.
1732 2664 1761 2689 x,

391 2712 514 2751 25·25.
