1866 3241
448 307 540 359 526
865 326 900 358 s.
943 321 1185 359 Aueusrmr
1221 321 1423 358 Erlscom

450 393 531 437 erit
550 402 670 439 tunc.
690 411 711 433 ‹<
729 390 867 439 Maria
879 391 1100 438 meliorem
1122 402 1290 456 partem
1311 391 1454 453 elegit,
1472 407 1572 456 quae
1589 407 1677 438 non
1700 388 1822 437 aufe-
1865 401 1866 404 ’

451 483 472 503 ι)
495 472 612 507 retur
635 463 691 508 ab
713 479 775 509 ea.
809 482 830 504 >³
1865 457 1866 466 ¹

492 533 571 578 Vll
583 570 591 579 .
602 532 803 588 Ostendi,
814 532 926 577 sicut
935 531 1078 594 potui,
1094 542 1307 595 quantum
1317 549 1385 577 me
1395 531 1606 578 Dominus
1616 531 1821 591 adjuvare

457 601 658 661 dignatus
680 612 759 658 est,
789 600 1051 646 dulcissimae
1072 602 1289 647 Charitati
1314 602 1492 657 Vestrae,
1520 618 1651 664 quam
1664 601 1823 647 tutiore

452 670 550 717 loco
572 671 691 716 stetis
715 669 956 728 audiendo,
990 686 1122 734 quani
1152 688 1229 716 nos
1254 670 1554 735 praedicando.
1589 675 1685 717 Hoc
1706 672 1822 718 enim

453 739 584 786 modo
616 757 692 787 vos
715 739 881 796 facim,
909 740 1028 803 quod
1051 750 1157 786 tunc
1183 758 1330 786 omnes
1351 740 1510 786 facturi
1533 758 1693 788 sumus,
1723 742 1823 787 Non

452 811 567 857 enim
601 811 684 856 erit
717 821 823 856 tunc
867 809 1021 873 aliquis
1054 811 1256 871 magister
1277 811 1426 868 verbi,
1463 811 1536 857 sed
1570 813 1824 872 magistrum

455 881 663 928 Verbum.
686 880 803 926 Illud
820 897 919 940 ergo
937 881 1147 944 sequitur,
1174 881 1292 945 quod
1305 881 1360 927 ad
1372 898 1447 928 vos
1463 882 1650 946 pertinet
1664 881 1820 938 facere,

457 951 512 996 ad
534 968 611 997 nos
633 968 820 998 monere.
851 951 936 996 Vos
959 951 1075 996 enim
1093 951 1190 996 estis
1210 950 1426 996 auditores
1449 952 1590 1009 verbi,
1612 969 1690 998 nos
1712 968 1824 1016 prae-

457 1022 683 1069 dicatores.
716 1023 840 1067 Intus
865 1032 1008 1067 autem
1029 1022 1107 1067 ubi
1124 1038 1250 1067 nemo
1273 1021 1409 1078 videt,
1439 1039 1586 1068 omnes
1608 1023 1843 1068 auditoreS*

458 1102 606 1138 sumus
627 1110 638 1137 ε
663 1093 780 1138 intus
804 1092 850 1138 in
875 1092 1022 1149 corde,
1048 1093 1095 1137 in
1119 1103 1277 1148 mente,
1304 1091 1381 1138 ubi
1406 1109 1482 1138 vos
1500 1092 1626 1138 docet
1640 1092 1728 1150 ille,
1750 1092 1827 1156 qui

458 1180 535 1210 vos
565 1163 769 1209 admonet
796 1163 986 1210 laudare.
1026 1164 1119 1223 Ego
1144 1164 1258 1209 enim
1288 1163 1522 1209 forinsecus
1552 1163 1723 1227 loquor,
1754 1163 1827 1209 ille

457 1234 575 1279 intus
596 1234 765 1281 excitat.
792 1234 956 1279 Omnes
976 1251 1076 1294 ergo
1102 1234 1219 1279 intus
1239 1234 1455 1279 auditores
1476 1250 1621 1279 sumus
1639 1254 1650 1288 3
1672 1244 1714 1279 et
1736 1251 1827 1279 om-

458 1321 531 1349 nes
553 1313 595 1349 et
620 1303 722 1349 foris
745 1314 787 1349 et
809 1304 926 1349 intus
944 1304 990 1349 in
1013 1314 1249 1367 conspectu
1273 1304 1354 1348 Dei
1376 1304 1558 1349 factores
1583 1321 1668 1349 esse
1691 1303 1827 1349 debe-

458 1391 569 1421 mus,
607 1374 732 1420 Unde
762 1375 880 1420 intus
908 1374 1116 1420 factores!
1146 1395 1165 1415 (ι
1189 1375 1303 1430 Quia
1331 1374 1407 1438 qui
1429 1374 1586 1420 viderit
1607 1374 1829 1420 mulierem

459 1465 480 1486 >³
504 1445 563 1490 ad
596 1444 993 1508 concupiscendum
1024 1461 1144 1500 eam,
1173 1448 1265 1504 jam
1295 1444 1543 1490 moechatus
1566 1455 1628 1489 est
1666 1461 1759 1489 eam
1783 1445 1830 1491 in

460 1536 481 1557 >›
506 1514 636 1560 corde
659 1532 735 1560 suo
749 1515 783 1562 1.
808 1536 829 1557 »
857 1516 912 1560 Et
934 1524 1078 1578 potest
1103 1531 1189 1560 esse
1212 1514 1432 1571 moechus,
1457 1513 1577 1559 nullo
1600 1514 1831 1560 hominum

459 1584 657 1640 vidente,
687 1584 760 1629 sed
794 1585 886 1629 Deo
917 1585 1139 1647 puniente.
1177 1585 1286 1639 Quis
1309 1595 1370 1629 est
1391 1601 1490 1643 ergo
1517 1585 1632 1629 intus
1661 1584 1829 1630 factor?

463 1654 551 1710 Qui
574 1671 663 1698 non
677 1652 1151 1716 adxconcupiscendum
1173 1652 1305 1698 videt.
1333 1653 1441 1708 Quis
1465 1663 1527 1697 est
1543 1653 1644 1698 foris
1664 1653 1830 1700 factor?

461 1744 483 1766 «
508 1728 668 1782 Frange
689 1739 847 1787 panem
877 1733 1000 1768 tuum
1023 1722 1268 1768 esurienti2.
1302 1744 1322 1764 »
1360 1723 1456 1768 floc
1479 1723 1593 1768 enim
1621 1740 1721 1769 cum
1751 1724 1828 1781 fit,

461 1793 580 1840 videt
598 1803 640 1837 et
652 1793 871 1856 proximus
893 1809 905 1837 ε
924 1792 996 1837 sed
1014 1809 1101 1855 quo
1121 1792 1265 1837 animo
1284 1793 1351 1849 fit,
1367 1809 1456 1838 non
1466 1792 1677 1839 videtnisi
1696 1794 1826 1841 Deus.

464 1884 485 1905 ‹<
511 1863 659 1907 Estote
674 1879 774 1922 ergo
789 1900 800 1919 ‚
824 1862 976 1907 fratres
992 1862 1099 1917 mei,
1122 1862 1303 1907 factores
1322 1862 1463 1918 verbi,
1490 1873 1532 1907 et
1553 1880 1641 1909 non
1666 1863 1833 1909 audito-

465 1956 486 1977 »
514 1950 579 1979 res
604 1943 799 1989 tantum,
829 1932 1023 1978 fallentes
1043 1933 1325 1996 vosmetipsos
1351 1951 1363 1978 ε
1387 1954 1407 1974 >>
1438 1950 1525 1978 non
1552 1934 1715 1990 Deum,
1746 1951 1835 1981 non

464 2020 563 2050 eum
590 2003 666 2065 qui
683 2002 910 2066 praedicat.
946 2003 1037 2062 Ego
1063 2002 1196 2058 enim,
1226 2002 1294 2048 vel
1311 2002 1505 2066 quisquis
1525 2003 1649 2049 vobis
1666 2004 1834 2067 praedi-

465 2085 535 2120 cat
552 2073 753 2130 Verbum,
775 2090 850 2119 cor
871 2083 1061 2120 vestrum
1084 2090 1172 2118 non
1192 2073 1310 2119 videt
1334 2091 1344 2118 ε
1370 2073 1479 2137 quid
1503 2074 1634 2134 agatis
1652 2073 1766 2119 intus
1789 2074 1836 2120 in

467 2144 803 2204 cogitationibus
824 2143 991 2200 vestris,
1018 2143 1216 2203 judicare
1238 2161 1326 2189 non
1346 2154 1500 2208 potest.
1529 2144 1643 2200 Quia
1660 2144 1678 2173 3
1701 2143 1835 2189 homo

467 2233 556 2261 non
571 2225 731 2279 potest,
751 2214 946 2260 intuetur
968 2215 1109 2271 Deus,
1131 2215 1201 2260 cui
1222 2232 1297 2260 cor
1316 2215 1558 2260 humanum
1581 2231 1668 2259 non
1693 2224 1835 2277 potest

468 2284 691 2330 occultari.
735 2285 835 2347 Ipse
867 2284 988 2331 videt
1021 2301 1109 2348 quo
1146 2284 1288 2329 studio
1324 2284 1495 2340 audias,
1521 2284 1628 2347 quid
1651 2284 1831 2343 cogites,

467 2354 574 2417 quid
611 2364 770 2410 teneas,
810 2365 1024 2417 quantum
1050 2354 1255 2417 proficias
1290 2354 1343 2400 de
1372 2353 1681 2417 supplementis
1717 2354 1803 2399 suis
1818 2390 1831 2410 ,

466 2441 598 2487 quam
621 2425 829 2470 instanter
863 2441 956 2470 ores
975 2461 986 2480 ‚
1023 2424 1393 2487 quemadmodum
1425 2423 1669 2487 depreceris
1696 2424 1836 2469 Deum

467 2510 515 2539 ex
534 2510 582 2538 eo
607 2493 727 2557 quod
747 2510 837 2540 non
859 2493 1019 2551 habes,
1043 2494 1263 2557 quomodo
1283 2493 1439 2554 gratias
1463 2510 1560 2554 agas
1579 2511 1627 2539 ex
1647 2510 1696 2539 eo
1717 2492 1836 2557 quod
1865 2491 1866 2535 ἲ

467 2562 634 2608 habes:
657 2563 728 2610 ille
758 2563 882 2612 novit
906 2563 984 2628 qui
1005 2574 1228 2610 exacturus
1253 2574 1328 2611 est.
1360 2563 1448 2609 Nos
1474 2563 1707 2628 pecuniam
1740 2565 1834 2611 Do·-

514 2649 655 2683 ¹Matth.
674 2661 708 2693 v,
727 2651 785 2685 28.
800 2649 874 2675 ...2
890 2651 961 2684 lsai.
977 2661 1072 2691 tvm,
1091 2663 1121 2692 7.
1134 2669 1177 2676 —-
1191 2649 1206 2675 ³
1219 2648 1312 2684 Forte
1329 2651 1436 2692 Quod.
