1866 3241
412 370 503 427 238
830 387 865 425 s.
906 388 1149 424 AUGUSTINI
1184 391 1387 424 Erlscom

411 458 660 514 attenderis,
680 475 705 504 o
730 457 885 503 mulier
900 457 1089 522 pulchra
1105 495 1116 513 ‚
1139 457 1364 520 speculum
1384 458 1504 521 quod
1520 469 1565 504 te
1582 457 1688 505 falso
1713 455 1778 506 ni-

405 539 495 575 tore
517 546 605 576 non
636 527 748 574 fallit
776 547 787 582 3
813 527 895 573 nisi
928 527 1177 586 cognoveris
1201 528 1302 590 quia
1327 527 1379 572 de
1415 538 1456 572 te
1490 527 1658 574 dictum
1680 540 1773 575 est:

408 621 429 641 «
454 599 595 664 Super
619 614 790 645 omnem
814 608 971 643 terram
998 596 1131 656 gloria
1148 596 1277 641 tua1:
1299 619 1318 638 ›>
1341 597 1442 660 quia
1465 597 1518 643 de
1547 609 1588 643 te
1607 598 1776 652 dictum

413 680 505 715 est:
534 669 698 714 «Dabo
724 668 808 713 tibi
831 677 973 726 gentes
996 666 1295 712 haereditatem
1319 678 1457 723 tuam,
1483 678 1526 713 et
1546 670 1778 732 possessio-

411 757 546 785 »nem
569 750 687 784 tuam
712 737 913 783 terminos
934 737 1082 781 terrae2
1102 754 1112 780 :
1137 758 1157 778 ›>
1181 747 1223 781 et
1246 737 1327 782 alia
1343 737 1675 784 innumerabilia
1691 750 1778 785 tes—

409 809 587 855 timonia
605 845 616 865 ,
655 824 752 871 quae
779 805 1041 852 catholicam
1071 805 1308 851 Ecclesiam
1335 807 1653 854 commendant.
1688 809 1780 854 Nisi

407 896 506 939 ergo
537 876 811 938 cognoveris,
846 885 1013 939 partem
1047 892 1134 920 non
1168 875 1302 920 habes
1320 913 1331 932 ‚
1370 876 1587 923 haeredem
1619 889 1660 927 te
1690 896 1778 924 non

409 961 530 1014 potes
551 949 703 996 facere.
732 950 844 1006 Ergo
875 946 939 991 exi
962 957 1007 991 tu
1028 946 1075 991 in
1097 947 1283 1005 vestigiis
1308 964 1501 1007 gregum,
1533 965 1621 994 non
1641 949 1687 994 in
1704 967 1775 994 so-

408 1021 560 1066 cietate
578 1018 713 1079 gregis
737 1034 748 1061 :
775 1027 817 1062 et
838 1033 965 1079 pasce
984 1016 1134 1061 haedos
1155 1026 1251 1061 tuos
1267 1053 1277 1073 ‚
1304 1033 1391 1061 non
1409 1018 1627 1080 quomodo
1649 1019 1776 1064 Petro

409 1090 578 1135 dictum
597 1099 659 1133 est
677 1105 688 1132 ε
705 1109 725 1129 «
744 1088 858 1133 Oves
881 1103 1008 1132 meas.
1030 1105 1050 1124 »
1073 1087 1201 1131 Petro
1225 1086 1409 1131 dicitur:
1428 1108 1447 1128 «
1470 1087 1584 1133 Oves
1596 1105 1736 1142 meas;
1755 1110 1776 1130 »

407 1157 691 1205 schismaticis
714 1157 901 1211 dicitur,
928 1155 1078 1200 haedos
1101 1166 1209 1201 tuos.
1243 1155 1329 1201 Hic
1349 1178 1369 1197 «
1386 1157 1524 1213 Oves,
1541 1179 1560 1199 »
1587 1157 1652 1203 ibi
1677 1158 1776 1204 hae—

407 1229 485 1274 dos
503 1247 514 1274 ε
531 1229 605 1274 hic
622 1249 648 1272 <a
661 1229 793 1282 Meas,
815 1248 835 1267 ›>
848 1225 912 1271 ibi
934 1236 1039 1271 tuos.
1063 1224 1256 1270 Recolite
1273 1225 1488 1270 dexteram
1507 1237 1549 1271 et
1562 1227 1775 1273 sinistram

396 1299 558 1359 J'udicis
580 1297 713 1343 nostri
734 1314 744 1340 :
771 1295 944 1341 recolite
973 1294 1051 1339 ubi
1075 1295 1256 1340 stabunt
1276 1295 1395 1340 haedi
1410 1333 1420 1351 ‚
1448 1306 1490 1340 et
1514 1296 1593 1341 ubi
1616 1297 1740 1343 oves3
1760 1315 1770 1342 z

407 1380 448 1414 et
474 1367 704 1432 apparebit
727 1365 853 1413 vobis
879 1365 957 1410 ubi
976 1364 1145 1410 dextera
1163 1402 1174 1421 ‚
1206 1364 1284 1409 ubi
1302 1365 1496 1422 sinistra,
1526 1366 1711 1412 candida
1734 1377 1776 1412 et

406 1439 545 1498 nigra,
564 1437 777 1482 luminosa
795 1445 837 1480 et
851 1434 1091 1489 tenebrosa,
1113 1433 1299 1497 pulchra
1316 1444 1359 1478 et
1376 1434 1595 1491 deformis,
1617 1452 1776 1498 accep—

407 1514 504 1555 tura
521 1523 701 1567 regnum
720 1516 761 1551 et
776 1505 1003 1552 inventura
1027 1504 1294 1566 supplicium
1317 1505 1639 1566 sempiternum.

414 1696 716 1711 wmmussm
724 1694 1276 1706 mmmmntmmmsz-szxs
1281 1694 1644 1706 mmsmnxnmsmssxsx
1650 1695 1708 1706 ms
1715 1696 1753 1706 aa
1759 1697 1773 1706 π

846 1817 1052 1864 SERMO
1089 1816 1293 1862 CXLVII
1312 1816 1345 1863 1.

402 1976 467 2021 De
494 1973 653 2020 eisdem
676 1970 821 2018 verbis
846 1968 1069 2029 Evangelii
1092 1969 1217 2016 Joan.
1246 1987 1335 2016 xxt.
1368 1973 1530 2016 Simon
1558 1977 1771 2031 Ioannis,

762 2039 914 2102 ‹lc'lzlgc’s
937 2056 1012 2084 me
1037 2039 1150 2102 plus
1188 2040 1261 2083 lzis
1276 2042 1299 2083 ,³
1328 2052 1411 2087 ete.

467 2200 502 2247 I.
545 2200 813 2244 ArosToLUM
831 2194 1009 2238 Petrum
1031 2191 1224 2255 primum
1246 2192 1441 2238 omnium
1465 2193 1770 2257 Apostolorum

401 2267 651 2315 meministis
674 2265 721 2310 in
740 2262 915 2308 Domini
935 2261 1133 2325 passione
1151 2261 1279 2306 fuisse
1298 2263 1536 2309 turbatum.
1566 2265 1601 2309 A
1622 2281 1663 2308 se
1680 2275 1770 2310 tur—

399 2341 570 2393 batum,
593 2335 664 2382 sed
688 2353 712 2380 a
737 2333 911 2378 Christo
934 2332 1202 2378 innovatum.
1229 2332 1329 2377 Fuit
1350 2333 1465 2377 enim
1489 2333 1610 2396 prius
1632 2334 1769 2380 audax

398 2417 688 2473 praesumptor
705 2442 716 2461 ‚
747 2414 789 2449 et
810 2413 957 2467 postea
977 2401 1118 2446 factus
1147 2412 1209 2446 est
1234 2402 1411 2448 timidus
1433 2414 1622 2462 negator.
1657 2408 1767 2449 Pro-

399 2479 570 2523 miserat
591 2493 632 2521 se
651 2491 732 2539 pro
754 2472 944 2521 Domino
960 2471 1237 2527 moriturum,
1258 2488 1356 2516 cum
1375 2472 1495 2534 prius
1517 2490 1598 2535 pro
1617 2473 1691 2518 illo
1706 2490 1766 2520 es-

396 2559 458 2594 set
482 2546 690 2592 Dominus
713 2543 962 2590 moriturus,
993 2541 1183 2598 Quando
1202 2558 1302 2601 ergo
1325 2541 1500 2587 dicebat
1522 2559 1534 2588 z
1563 2563 1583 2584 «
1600 2543 1763 2589 Tecum

437 2651 448 2674 ¹
465 2650 624 2689 Psahnvx,
652 2659 705 2682 ια,
728 2645 801 2672 ..2
819 2645 867 2679 ld.
885 2656 927 2690 11,
956 2646 994 2678 8.
1014 2640 1089 2669 ...3
1107 2644 1227 2678 Matth.
1247 2655 1320 2683 xxv,
1339 2646 1394 2681 33,
1414 2661 1462 2669 —
1481 2641 1497 2669 ⁴
1513 2645 1601 2678 Alias
1618 2655 1711 2686 μιν,
1724 2644 1764 2677 de

397 2704 527 2740 sanctis,
