<?xml version="1.0" encoding="UTF-8"?>
<!DOCTYPE html PUBLIC "-//W3C//DTD XHTML 1.0 Transitional//EN"
    "http://www.w3.org/TR/xhtml1/DTD/xhtml1-transitional.dtd">
<html xmlns="http://www.w3.org/1999/xhtml" xml:lang="en" lang="en">
 <head>
  <title>
</title>
<meta http-equiv="Content-Type" content="text/html;charset=utf-8" />
  <meta name='ocr-system' content='tesseract 3.04.00' />
  <meta name='ocr-capabilities' content='ocr_page ocr_carea ocr_par ocr_line ocrx_word'/>
</head>
<body>
  <div class='ocr_page' id='page_1' title='image "./operaomniaaccura19auguuoft_0150.png"; bbox 0 0 1866 3241; ppageno 0'>
   <div class='ocr_carea' id='block_1_1' title="bbox 431 257 1380 313">
    <p class='ocr_par' dir='ltr' id='par_1_1' title="bbox 431 257 1380 313">
     <span class='ocr_line' id='line_1_1' title="bbox 431 257 1380 313; baseline 0 -7"><span class='ocrx_word' id='word_1_1' title='bbox 431 257 516 313; x_wconf 77' lang='grc'>140</span> <span class='ocrx_word' id='word_1_2' title='bbox 824 271 858 304; x_wconf 86' lang='grc'>5.</span> <span class='ocrx_word' id='word_1_3' title='bbox 903 271 1144 305; x_wconf 65' lang='lat' dir='ltr'>mansi-nu</span> <span class='ocrx_word' id='word_1_4' title='bbox 1179 271 1380 307; x_wconf 79' lang='lat' dir='ltr'><strong>EPISCOPI</strong></span> 
     </span>
    </p>
   </div>
   <div class='ocr_carea' id='block_1_2' title="bbox 423 335 1843 2431">
    <p class='ocr_par' dir='ltr' id='par_1_2' title="bbox 423 335 1839 874">
     <span class='ocr_line' id='line_1_2' title="bbox 423 335 1793 405; baseline 0.005 -23"><span class='ocrx_word' id='word_1_5' title='bbox 423 335 610 393; x_wconf 84' lang='lat' dir='ltr'>Quando</span> <span class='ocrx_word' id='word_1_6' title='bbox 634 346 775 383; x_wconf 84' lang='lat' dir='ltr'>autem</span> <span class='ocrx_word' id='word_1_7' title='bbox 797 337 913 384; x_wconf 86' lang='lat' dir='ltr'>aliud</span> <span class='ocrx_word' id='word_1_8' title='bbox 937 343 1075 399; x_wconf 88' lang='lat' dir='ltr'>majus</span> <span class='ocrx_word' id='word_1_9' title='bbox 1100 340 1292 385; x_wconf 88' lang='lat' dir='ltr'>occurrit</span> <span class='ocrx_word' id='word_1_10' title='bbox 1306 377 1316 395; x_wconf 92' lang='lat'><strong><em>‚</em></strong></span> <span class='ocrx_word' id='word_1_11' title='bbox 1339 339 1458 403; x_wconf 88' lang='lat' dir='ltr'>quod</span> <span class='ocrx_word' id='word_1_12' title='bbox 1482 339 1714 405; x_wconf 81' lang='lat' dir='ltr'><strong>impedivit</strong></span> <span class='ocrx_word' id='word_1_13' title='bbox 1735 343 1793 389; x_wconf 88' lang='lat' dir='ltr'>fi·-</span> 
     </span>
     <span class='ocr_line' id='line_1_3' title="bbox 424 407 1839 475; baseline 0.004 -22"><span class='ocrx_word' id='word_1_14' title='bbox 424 407 521 453; x_wconf 86' lang='lat' dir='ltr'>dem</span> <span class='ocrx_word' id='word_1_15' title='bbox 546 407 839 471; x_wconf 86' lang='lat' dir='ltr'>promissionis</span> <span class='ocrx_word' id='word_1_16' title='bbox 859 425 983 464; x_wconf 87' lang='lat' dir='ltr'>meae,</span> <span class='ocrx_word' id='word_1_17' title='bbox 1009 426 1097 454; x_wconf 89' lang='lat' dir='ltr'>non</span> <span class='ocrx_word' id='word_1_18' title='bbox 1124 409 1297 454; x_wconf 86' lang='lat' dir='ltr'>mentiri</span> <span class='ocrx_word' id='word_1_19' title='bbox 1321 409 1467 467; x_wconf 86' lang='lat' dir='ltr'>volui,</span> <span class='ocrx_word' id='word_1_20' title='bbox 1485 412 1572 457; x_wconf 81' lang='lat' dir='ltr'>&#39;sed</span> <span class='ocrx_word' id='word_1_21' title='bbox 1604 413 1795 475; x_wconf 57' lang='lat' dir='ltr'>promism</span> <span class='ocrx_word' id='word_1_22' title='bbox 1836 435 1839 449; x_wconf 57' lang='lat' dir='ltr'>v</span> 
     </span>
     <span class='ocr_line' id='line_1_4' title="bbox 426 476 1799 542; baseline 0.003 -19"><span class='ocrx_word' id='word_1_23' title='bbox 426 494 521 523; x_wconf 90' lang='lat' dir='ltr'>sum</span> <span class='ocrx_word' id='word_1_24' title='bbox 554 476 732 541; x_wconf 87' lang='lat' dir='ltr'>implere</span> <span class='ocrx_word' id='word_1_25' title='bbox 756 495 843 523; x_wconf 93' lang='lat' dir='ltr'>non</span> <span class='ocrx_word' id='word_1_26' title='bbox 874 478 1013 541; x_wconf 88' lang='lat' dir='ltr'>potui.</span> <span class='ocrx_word' id='word_1_27' title='bbox 1045 478 1183 535; x_wconf 89' lang='lat' dir='ltr'>Ecce,</span> <span class='ocrx_word' id='word_1_28' title='bbox 1222 490 1435 542; x_wconf 88' lang='lat' dir='ltr'>quantum</span> <span class='ocrx_word' id='word_1_29' title='bbox 1470 480 1673 538; x_wconf 84' lang='lat' dir='ltr'>arbitror,</span> <span class='ocrx_word' id='word_1_30' title='bbox 1709 498 1799 528; x_wconf 89' lang='lat' dir='ltr'>non</span> 
     </span>
     <span class='ocr_line' id='line_1_5' title="bbox 424 546 1800 611; baseline 0.004 -19"><span class='ocrx_word' id='word_1_31' title='bbox 424 546 646 603; x_wconf 85' lang='lat' dir='ltr'>laboravi,</span> <span class='ocrx_word' id='word_1_32' title='bbox 693 559 741 593; x_wconf 87' lang='lat' dir='ltr'>ut</span> <span class='ocrx_word' id='word_1_33' title='bbox 778 547 1104 611; x_wconf 80' lang='lat' dir='ltr'>persuaderem,</span> <span class='ocrx_word' id='word_1_34' title='bbox 1148 548 1221 594; x_wconf 90' lang='lat' dir='ltr'>sed</span> <span class='ocrx_word' id='word_1_35' title='bbox 1247 549 1549 596; x_wconf 87' lang='lat' dir='ltr'>tantummodo</span> <span class='ocrx_word' id='word_1_36' title='bbox 1588 551 1800 597; x_wconf 86' lang='lat' dir='ltr'>admonui</span> 
     </span>
     <span class='ocr_line' id='line_1_6' title="bbox 427 617 1799 683; baseline 0.003 -21"><span class='ocrx_word' id='word_1_37' title='bbox 427 617 702 681; x_wconf 83' lang='lat' dir='ltr'>prudentiam</span> <span class='ocrx_word' id='word_1_38' title='bbox 722 628 923 673; x_wconf 85' lang='lat' dir='ltr'>vestram,</span> <span class='ocrx_word' id='word_1_39' title='bbox 948 635 1036 663; x_wconf 90' lang='grc'>11011</span> <span class='ocrx_word' id='word_1_40' title='bbox 1056 618 1231 663; x_wconf 87' lang='lat' dir='ltr'>mentiri</span> <span class='ocrx_word' id='word_1_41' title='bbox 1252 635 1368 675; x_wconf 88' lang='lat' dir='ltr'>eum,</span> <span class='ocrx_word' id='word_1_42' title='bbox 1386 620 1463 682; x_wconf 89' lang='lat' dir='ltr'>qui</span> <span class='ocrx_word' id='word_1_43' title='bbox 1478 621 1698 683; x_wconf 88' lang='lat' dir='ltr'>promittit</span> <span class='ocrx_word' id='word_1_44' title='bbox 1715 621 1799 666; x_wconf 84' lang='lat' dir='ltr'>ali-</span> 
     </span>
     <span class='ocr_line' id='line_1_7' title="bbox 430 687 1802 754; baseline 0.003 -22"><span class='ocrx_word' id='word_1_45' title='bbox 430 687 556 751; x_wconf 81' lang='lat' dir='ltr'>quid,</span> <span class='ocrx_word' id='word_1_46' title='bbox 573 697 711 732; x_wconf 87' lang='lat' dir='ltr'>etnon</span> <span class='ocrx_word' id='word_1_47' title='bbox 723 687 843 744; x_wconf 84' lang='lat' dir='ltr'>facit,</span> <span class='ocrx_word' id='word_1_48' title='bbox 864 688 899 733; x_wconf 86' lang='lat' dir='ltr'>si</span> <span class='ocrx_word' id='word_1_49' title='bbox 920 698 969 734; x_wconf 92' lang='lat' dir='ltr'>ut</span> <span class='ocrx_word' id='word_1_50' title='bbox 989 705 1077 734; x_wconf 89' lang='lat' dir='ltr'>non</span> <span class='ocrx_word' id='word_1_51' title='bbox 1092 688 1240 745; x_wconf 79' lang='lat' dir='ltr'>faciat,</span> <span class='ocrx_word' id='word_1_52' title='bbox 1259 688 1377 734; x_wconf 88' lang='lat' dir='ltr'>aliud</span> <span class='ocrx_word' id='word_1_53' title='bbox 1398 691 1652 747; x_wconf 85' lang='lat' dir='ltr'>occurrerit,</span> <span class='ocrx_word' id='word_1_54' title='bbox 1681 690 1802 754; x_wconf 86' lang='lat' dir='ltr'>quod</span> 
     </span>
     <span class='ocr_line' id='line_1_8' title="bbox 431 757 1802 822; baseline 0.002 -19"><span class='ocrx_word' id='word_1_55' title='bbox 431 761 522 817; x_wconf 88' lang='lat' dir='ltr'>ejus</span> <span class='ocrx_word' id='word_1_56' title='bbox 541 757 1130 821; x_wconf 80' lang='lat' dir='ltr'>impediatpromissionem,</span> <span class='ocrx_word' id='word_1_57' title='bbox 1166 774 1255 804; x_wconf 89' lang='lat' dir='ltr'>non</span> <span class='ocrx_word' id='word_1_58' title='bbox 1286 758 1405 822; x_wconf 92' lang='lat' dir='ltr'>quod</span> <span class='ocrx_word' id='word_1_59' title='bbox 1429 760 1661 806; x_wconf 85' lang='lat' dir='ltr'>convincat</span> <span class='ocrx_word' id='word_1_60' title='bbox 1681 760 1802 806; x_wconf 86' lang='lat' dir='ltr'>falsi-</span> 
     </span>
     <span class='ocr_line' id='line_1_9' title="bbox 434 838 678 874; baseline 0 0"><span class='ocrx_word' id='word_1_61' title='bbox 434 838 578 874; x_wconf 85' lang='lat' dir='ltr'>tatem.</span> <span class='ocrx_word' id='word_1_62' title='bbox 673 870 678 874; x_wconf 88' lang='lat'><em>.</em></span> 
     </span>
    </p>

    <p class='ocr_par' dir='ltr' id='par_1_3' title="bbox 437 898 1843 2218">
     <span class='ocr_line' id='line_1_10' title="bbox 497 898 1837 964; baseline 0.002 -21"><span class='ocrx_word' id='word_1_63' title='bbox 497 899 582 944; x_wconf 87' lang='lat' dir='ltr'><strong>III.</strong></span> <span class='ocrx_word' id='word_1_64' title='bbox 626 898 710 943; x_wconf 88' lang='lat' dir='ltr'>Sed</span> <span class='ocrx_word' id='word_1_65' title='bbox 743 899 804 944; x_wconf 85' lang='lat' dir='ltr'>ait</span> <span class='ocrx_word' id='word_1_66' title='bbox 842 899 917 962; x_wconf 88' lang='lat' dir='ltr'>qui</span> <span class='ocrx_word' id='word_1_67' title='bbox 941 916 1009 945; x_wconf 90' lang='lat' dir='ltr'>me</span> <span class='ocrx_word' id='word_1_68' title='bbox 1045 899 1167 946; x_wconf 85' lang='lat' dir='ltr'>audit</span> <span class='ocrx_word' id='word_1_69' title='bbox 1197 917 1207 944; x_wconf 79' lang='lat' dir='ltr'><strong><em>z</em></strong></span> <span class='ocrx_word' id='word_1_70' title='bbox 1236 899 1463 962; x_wconf 85' lang='lat' dir='ltr'>Numquid</span> <span class='ocrx_word' id='word_1_71' title='bbox 1487 899 1574 946; x_wconf 89' lang='lat' dir='ltr'>hoc</span> <span class='ocrx_word' id='word_1_72' title='bbox 1596 911 1718 964; x_wconf 87' lang='lat' dir='ltr'>potes</span> <span class='ocrx_word' id='word_1_73' title='bbox 1752 900 1807 946; x_wconf 86' lang='lat' dir='ltr'>de</span> <span class='ocrx_word' id='word_1_74' title='bbox 1834 899 1837 961; x_wconf 93' lang='grc' dir='ltr'>Ι</span> 
     </span>
     <span class='ocr_line' id='line_1_11' title="bbox 437 964 1837 1033; baseline 0.003 -19"><span class='ocrx_word' id='word_1_75' title='bbox 437 968 614 1014; x_wconf 87' lang='lat' dir='ltr'>Christo</span> <span class='ocrx_word' id='word_1_76' title='bbox 635 967 794 1027; x_wconf 88' lang='lat' dir='ltr'>dicere,</span> <span class='ocrx_word' id='word_1_77' title='bbox 815 969 917 1032; x_wconf 89' lang='lat' dir='ltr'>quia</span> <span class='ocrx_word' id='word_1_78' title='bbox 940 969 1007 1015; x_wconf 89' lang='lat' dir='ltr'>vel</span> <span class='ocrx_word' id='word_1_79' title='bbox 1030 987 1117 1015; x_wconf 90' lang='lat' dir='ltr'>non</span> <span class='ocrx_word' id='word_1_80' title='bbox 1136 969 1281 1033; x_wconf 87' lang='lat' dir='ltr'>potuit</span> <span class='ocrx_word' id='word_1_81' title='bbox 1302 969 1481 1032; x_wconf 86' lang='lat' dir='ltr'>implere</span> <span class='ocrx_word' id='word_1_82' title='bbox 1491 987 1590 1033; x_wconf 85' lang='lat' dir='ltr'>quae</span> <span class='ocrx_word' id='word_1_83' title='bbox 1613 971 1804 1027; x_wconf 86' lang='lat' dir='ltr'>volebat,</span> <span class='ocrx_word' id='word_1_84' title='bbox 1834 964 1837 1018; x_wconf 66' lang='grc' dir='ltr'>ἔ</span> 
     </span>
     <span class='ocr_line' id='line_1_12' title="bbox 437 1037 1843 1100; baseline 0 -15"><span class='ocrx_word' id='word_1_85' title='bbox 437 1038 507 1085; x_wconf 79' lang='lat' dir='ltr'>vel</span> <span class='ocrx_word' id='word_1_86' title='bbox 521 1037 669 1084; x_wconf 83' lang='lat' dir='ltr'>futura</span> <span class='ocrx_word' id='word_1_87' title='bbox 687 1039 933 1086; x_wconf 71' lang='lat' dir='ltr'>nesciebat?</span> <span class='ocrx_word' id='word_1_88' title='bbox 953 1041 1067 1085; x_wconf 90' lang='lat' dir='ltr'>Bene</span> <span class='ocrx_word' id='word_1_89' title='bbox 1091 1041 1196 1100; x_wconf 87' lang='lat' dir='ltr'>agis,</span> <span class='ocrx_word' id='word_1_90' title='bbox 1212 1040 1322 1085; x_wconf 86' lang='lat' dir='ltr'>bene</span> <span class='ocrx_word' id='word_1_91' title='bbox 1336 1040 1540 1099; x_wconf 81' lang='lat' dir='ltr'>suggeris,</span> <span class='ocrx_word' id='word_1_92' title='bbox 1560 1051 1674 1086; x_wconf 86' lang='lat' dir='ltr'>recte</span> <span class='ocrx_word' id='word_1_93' title='bbox 1692 1057 1809 1085; x_wconf 83' lang='lat' dir='ltr'>com-</span> <span class='ocrx_word' id='word_1_94' title='bbox 1839 1066 1843 1078; x_wconf 84' lang='lat'><strong>·</strong></span> 
     </span>
     <span class='ocr_line' id='line_1_13' title="bbox 440 1108 1836 1176; baseline 0 -21"><span class='ocrx_word' id='word_1_95' title='bbox 440 1125 612 1155; x_wconf 84' lang='lat' dir='ltr'>mones:</span> <span class='ocrx_word' id='word_1_96' title='bbox 630 1108 720 1165; x_wconf 90' lang='lat' dir='ltr'>sed,</span> <span class='ocrx_word' id='word_1_97' title='bbox 738 1127 763 1155; x_wconf 97' lang='grc'>0</span> <span class='ocrx_word' id='word_1_98' title='bbox 776 1109 928 1167; x_wconf 87' lang='grc'>1101110,</span> <span class='ocrx_word' id='word_1_99' title='bbox 940 1111 1100 1174; x_wconf 87' lang='lat' dir='ltr'>partire</span> <span class='ocrx_word' id='word_1_100' title='bbox 1112 1127 1281 1156; x_wconf 87' lang='lat' dir='ltr'>mecum</span> <span class='ocrx_word' id='word_1_101' title='bbox 1293 1109 1641 1158; x_wconf 85' lang='lat' dir='ltr'>sollicitudinem.</span> <span class='ocrx_word' id='word_1_102' title='bbox 1669 1111 1812 1166; x_wconf 90' lang='lat' dir='ltr'>Quem</span> <span class='ocrx_word' id='word_1_103' title='bbox 1833 1114 1836 1176; x_wconf 68' lang='lat' dir='ltr'><strong>j</strong></span> 
     </span>
     <span class='ocr_line' id='line_1_14' title="bbox 439 1178 1836 1235; baseline 0 -11"><span class='ocrx_word' id='word_1_104' title='bbox 439 1197 527 1225; x_wconf 87' lang='lat' dir='ltr'>non</span> <span class='ocrx_word' id='word_1_105' title='bbox 565 1178 771 1225; x_wconf 88' lang='lat' dir='ltr'>audemus</span> <span class='ocrx_word' id='word_1_106' title='bbox 803 1180 945 1225; x_wconf 89' lang='lat' dir='ltr'>dicere</span> <span class='ocrx_word' id='word_1_107' title='bbox 987 1181 1130 1226; x_wconf 85' lang='lat' dir='ltr'>minus</span> <span class='ocrx_word' id='word_1_108' title='bbox 1155 1179 1371 1226; x_wconf 84' lang='lat' dir='ltr'>valentem</span> <span class='ocrx_word' id='word_1_109' title='bbox 1390 1216 1401 1235; x_wconf 88' lang='lat'>‚</span> <span class='ocrx_word' id='word_1_110' title='bbox 1436 1179 1644 1225; x_wconf 88' lang='lat' dir='ltr'>audemus</span> <span class='ocrx_word' id='word_1_111' title='bbox 1672 1178 1836 1235; x_wconf 62' lang='lat' dir='ltr'>dicere}</span> 
     </span>
     <span class='ocr_line' id='line_1_15' title="bbox 439 1249 1835 1317; baseline -0.001 -22"><span class='ocrx_word' id='word_1_112' title='bbox 439 1249 751 1295; x_wconf 66' lang='lat' dir='ltr'>mentientem?</span> <span class='ocrx_word' id='word_1_113' title='bbox 776 1250 868 1309; x_wconf 86' lang='lat' dir='ltr'>Ego</span> <span class='ocrx_word' id='word_1_114' title='bbox 889 1249 1084 1312; x_wconf 88' lang='lat' dir='ltr'>quidem,</span> <span class='ocrx_word' id='word_1_115' title='bbox 1121 1260 1335 1313; x_wconf 84' lang='lat' dir='ltr'>quantum</span> <span class='ocrx_word' id='word_1_116' title='bbox 1358 1249 1568 1305; x_wconf 87' lang='lat' dir='ltr'>existimo,</span> <span class='ocrx_word' id='word_1_117' title='bbox 1601 1260 1835 1317; x_wconf 76' lang='lat' dir='ltr'>quantumj</span> 
     </span>
     <span class='ocr_line' id='line_1_16' title="bbox 444 1318 1843 1387; baseline 0.001 -24"><span class='ocrx_word' id='word_1_118' title='bbox 444 1336 525 1383; x_wconf 88' lang='lat' dir='ltr'>pro</span> <span class='ocrx_word' id='word_1_119' title='bbox 558 1335 652 1364; x_wconf 85' lang='lat' dir='ltr'>mea</span> <span class='ocrx_word' id='word_1_120' title='bbox 674 1318 924 1364; x_wconf 89' lang='lat' dir='ltr'>infirmitate</span> <span class='ocrx_word' id='word_1_121' title='bbox 946 1319 1147 1378; x_wconf 74' lang='lat' dir='ltr'>J&#39;udicare</span> <span class='ocrx_word' id='word_1_122' title='bbox 1171 1335 1348 1382; x_wconf 86' lang='lat' dir='ltr'>possum</span> <span class='ocrx_word' id='word_1_123' title='bbox 1366 1355 1377 1375; x_wconf 86' lang='lat'>,</span> <span class='ocrx_word' id='word_1_124' title='bbox 1412 1318 1521 1378; x_wconf 84' lang='lat' dir='ltr'>eligo</span> <span class='ocrx_word' id='word_1_125' title='bbox 1548 1329 1596 1364; x_wconf 94' lang='lat' dir='ltr'>ut</span> <span class='ocrx_word' id='word_1_126' title='bbox 1619 1320 1751 1364; x_wconf 91' lang='lat' dir='ltr'>homo</span> <span class='ocrx_word' id='word_1_127' title='bbox 1768 1319 1816 1364; x_wconf 90' lang='lat' dir='ltr'>in</span> <span class='ocrx_word' id='word_1_128' title='bbox 1832 1328 1843 1387; x_wconf 50' lang='lat' dir='ltr'>{ff</span> 
     </span>
     <span class='ocr_line' id='line_1_17' title="bbox 445 1387 1817 1452; baseline -0.001 -17"><span class='ocrx_word' id='word_1_129' title='bbox 445 1389 589 1452; x_wconf 86' lang='lat' dir='ltr'>aliquo</span> <span class='ocrx_word' id='word_1_130' title='bbox 613 1388 804 1444; x_wconf 80' lang='lat' dir='ltr'>fallatur,</span> <span class='ocrx_word' id='word_1_131' title='bbox 834 1405 966 1452; x_wconf 89' lang='lat' dir='ltr'>quam</span> <span class='ocrx_word' id='word_1_132' title='bbox 986 1399 1034 1434; x_wconf 90' lang='lat' dir='ltr'>ut</span> <span class='ocrx_word' id='word_1_133' title='bbox 1057 1388 1103 1433; x_wconf 90' lang='lat' dir='ltr'>in</span> <span class='ocrx_word' id='word_1_134' title='bbox 1126 1387 1271 1450; x_wconf 88' lang='lat' dir='ltr'>aliquo</span> <span class='ocrx_word' id='word_1_135' title='bbox 1295 1387 1544 1435; x_wconf 84' lang='lat' dir='ltr'>mentiatur.</span> <span class='ocrx_word' id='word_1_136' title='bbox 1570 1388 1679 1434; x_wconf 76' lang='lat' dir='ltr'>Falli</span> <span class='ocrx_word' id='word_1_137' title='bbox 1702 1390 1817 1434; x_wconf 89' lang='lat' dir='ltr'>enim</span> 
     </span>
     <span class='ocr_line' id='line_1_18' title="bbox 446 1457 1841 1523; baseline -0.001 -18"><span class='ocrx_word' id='word_1_138' title='bbox 446 1458 634 1523; x_wconf 82' lang='lat' dir='ltr'>pertinet</span> <span class='ocrx_word' id='word_1_139' title='bbox 648 1458 703 1504; x_wconf 85' lang='lat' dir='ltr'>ad</span> <span class='ocrx_word' id='word_1_140' title='bbox 719 1458 1032 1513; x_wconf 87' lang='lat' dir='ltr'>infirmitatem,</span> <span class='ocrx_word' id='word_1_141' title='bbox 1048 1458 1221 1503; x_wconf 83' lang='lat' dir='ltr'>mentiri</span> <span class='ocrx_word' id='word_1_142' title='bbox 1236 1457 1290 1502; x_wconf 87' lang='lat' dir='ltr'>ad</span> <span class='ocrx_word' id='word_1_143' title='bbox 1304 1457 1592 1520; x_wconf 82' lang='lat' dir='ltr'>iniquitatem.</span> <span class='ocrx_word' id='word_1_144' title='bbox 1617 1479 1638 1500; x_wconf 73' lang='lat' dir='ltr'>c&lt;</span> <span class='ocrx_word' id='word_1_145' title='bbox 1653 1459 1814 1515; x_wconf 87' lang='lat' dir='ltr'>Odisti,</span> <span class='ocrx_word' id='word_1_146' title='bbox 1838 1463 1841 1486; x_wconf 75' lang='lat'>³</span> 
     </span>
     <span class='ocr_line' id='line_1_19' title="bbox 449 1526 1820 1590; baseline 0.001 -19"><span class='ocrx_word' id='word_1_147' title='bbox 449 1550 470 1571; x_wconf 85' lang='lat'>»</span> <span class='ocrx_word' id='word_1_148' title='bbox 490 1527 649 1590; x_wconf 88' lang='lat' dir='ltr'>inquit,</span> <span class='ocrx_word' id='word_1_149' title='bbox 676 1528 879 1584; x_wconf 88' lang='lat' dir='ltr'>Domine,</span> <span class='ocrx_word' id='word_1_150' title='bbox 903 1545 1049 1573; x_wconf 90' lang='lat' dir='ltr'>omnes</span> <span class='ocrx_word' id='word_1_151' title='bbox 1070 1527 1146 1590; x_wconf 88' lang='lat' dir='ltr'>qui</span> <span class='ocrx_word' id='word_1_152' title='bbox 1166 1537 1401 1590; x_wconf 88' lang='lat' dir='ltr'>operantur</span> <span class='ocrx_word' id='word_1_153' title='bbox 1415 1526 1701 1590; x_wconf 85' lang='lat' dir='ltr'>iniquitatem.</span> <span class='ocrx_word' id='word_1_154' title='bbox 1723 1548 1743 1568; x_wconf 88' lang='lat'>»</span> <span class='ocrx_word' id='word_1_155' title='bbox 1762 1528 1820 1573; x_wconf 90' lang='lat' dir='ltr'>Et</span> 
     </span>
     <span class='ocr_line' id='line_1_20' title="bbox 450 1596 1819 1659; baseline -0.005 -15"><span class='ocrx_word' id='word_1_156' title='bbox 450 1597 658 1644; x_wconf 88' lang='lat' dir='ltr'>continuo</span> <span class='ocrx_word' id='word_1_157' title='bbox 681 1615 690 1641; x_wconf 77' lang='grc' dir='ltr'>ε</span> <span class='ocrx_word' id='word_1_158' title='bbox 718 1618 739 1639; x_wconf 80' lang='grc' dir='ltr'>α</span> <span class='ocrx_word' id='word_1_159' title='bbox 758 1597 914 1642; x_wconf 89' lang='lat' dir='ltr'>Perdes</span> <span class='ocrx_word' id='word_1_160' title='bbox 933 1614 1079 1642; x_wconf 88' lang='lat' dir='ltr'>omnes</span> <span class='ocrx_word' id='word_1_161' title='bbox 1103 1597 1178 1659; x_wconf 89' lang='lat' dir='ltr'>qui</span> <span class='ocrx_word' id='word_1_162' title='bbox 1196 1596 1438 1659; x_wconf 88' lang='lat' dir='ltr'>loquuntur</span> <span class='ocrx_word' id='word_1_163' title='bbox 1454 1596 1772 1644; x_wconf 54' lang='lat' dir='ltr'>mendacium.</span> <span class='ocrx_word' id='word_1_164' title='bbox 1798 1617 1819 1638; x_wconf 79' lang='lat'>&gt;›</span> 
     </span>
     <span class='ocr_line' id='line_1_21' title="bbox 453 1665 1822 1729; baseline -0.001 -16"><span class='ocrx_word' id='word_1_165' title='bbox 453 1668 541 1713; x_wconf 90' lang='lat' dir='ltr'>Aut</span> <span class='ocrx_word' id='word_1_166' title='bbox 565 1666 835 1712; x_wconf 87' lang='lat' dir='ltr'>tantumdem</span> <span class='ocrx_word' id='word_1_167' title='bbox 858 1666 972 1712; x_wconf 83' lang='lat' dir='ltr'>Valet</span> <span class='ocrx_word' id='word_1_168' title='bbox 1007 1666 1211 1728; x_wconf 83' lang='lat' dir='ltr'>iniquitas</span> <span class='ocrx_word' id='word_1_169' title='bbox 1229 1676 1271 1710; x_wconf 91' lang='lat' dir='ltr'>et</span> <span class='ocrx_word' id='word_1_170' title='bbox 1297 1665 1593 1719; x_wconf 82' lang='lat' dir='ltr'>mendacium3</span> <span class='ocrx_word' id='word_1_171' title='bbox 1628 1677 1703 1711; x_wconf 83' lang='lat' dir='ltr'>aut</span> <span class='ocrx_word' id='word_1_172' title='bbox 1723 1666 1822 1729; x_wconf 86' lang='lat' dir='ltr'>plus</span> 
     </span>
     <span class='ocr_line' id='line_1_22' title="bbox 452 1735 1831 1798; baseline -0.001 -16"><span class='ocrx_word' id='word_1_173' title='bbox 452 1747 516 1782; x_wconf 91' lang='lat' dir='ltr'>est</span> <span class='ocrx_word' id='word_1_174' title='bbox 549 1736 770 1791; x_wconf 86' lang='lat' dir='ltr'>«Perdes,</span> <span class='ocrx_word' id='word_1_175' title='bbox 791 1757 811 1777; x_wconf 75' lang='lat'>³)</span> <span class='ocrx_word' id='word_1_176' title='bbox 846 1752 978 1798; x_wconf 86' lang='lat' dir='ltr'>quam</span> <span class='ocrx_word' id='word_1_177' title='bbox 1011 1735 1210 1781; x_wconf 85' lang='lat' dir='ltr'>«Odisti.</span> <span class='ocrx_word' id='word_1_178' title='bbox 1236 1756 1256 1776; x_wconf 83' lang='lat'>›&gt;</span> <span class='ocrx_word' id='word_1_179' title='bbox 1290 1735 1437 1797; x_wconf 88' lang='lat' dir='ltr'>Neque</span> <span class='ocrx_word' id='word_1_180' title='bbox 1471 1735 1585 1780; x_wconf 90' lang='lat' dir='ltr'>enim</span> <span class='ocrx_word' id='word_1_181' title='bbox 1617 1736 1694 1798; x_wconf 85' lang='lat' dir='ltr'>qui</span> <span class='ocrx_word' id='word_1_182' title='bbox 1723 1736 1831 1781; x_wconf 36' lang='lat' dir='ltr'>odio*</span> 
     </span>
     <span class='ocr_line' id='line_1_23' title="bbox 455 1805 1832 1870; baseline -0.002 -17"><span class='ocrx_word' id='word_1_183' title='bbox 455 1807 673 1862; x_wconf 86' lang='lat' dir='ltr'>habetur,</span> <span class='ocrx_word' id='word_1_184' title='bbox 712 1807 919 1852; x_wconf 84' lang='lat' dir='ltr'>continuo</span> <span class='ocrx_word' id='word_1_185' title='bbox 954 1805 1198 1870; x_wconf 88' lang='lat' dir='ltr'>perditione</span> <span class='ocrx_word' id='word_1_186' title='bbox 1236 1805 1435 1868; x_wconf 82' lang='lat' dir='ltr'>punitur.</span> <span class='ocrx_word' id='word_1_187' title='bbox 1479 1808 1644 1850; x_wconf 89' lang='lat' dir='ltr'>Verum</span> <span class='ocrx_word' id='word_1_188' title='bbox 1671 1806 1724 1851; x_wconf 89' lang='lat' dir='ltr'>sit</span> <span class='ocrx_word' id='word_1_189' title='bbox 1752 1805 1832 1864; x_wconf 62' lang='lat' dir='ltr'>illa}</span> 
     </span>
     <span class='ocr_line' id='line_1_24' title="bbox 456 1869 1831 1940; baseline -0.001 -18"><span class='ocrx_word' id='word_1_190' title='bbox 456 1878 654 1940; x_wconf 80' lang='lat' dir='ltr'>quaestio,</span> <span class='ocrx_word' id='word_1_191' title='bbox 683 1887 829 1922; x_wconf 89' lang='lat' dir='ltr'>utrum</span> <span class='ocrx_word' id='word_1_192' title='bbox 855 1876 1090 1939; x_wconf 84' lang='lat' dir='ltr'>aliquando</span> <span class='ocrx_word' id='word_1_193' title='bbox 1114 1875 1285 1920; x_wconf 81' lang='lat' dir='ltr'>mentiri</span> <span class='ocrx_word' id='word_1_194' title='bbox 1305 1890 1471 1919; x_wconf 88' lang='lat' dir='ltr'>necesse</span> <span class='ocrx_word' id='word_1_195' title='bbox 1493 1875 1576 1921; x_wconf 87' lang='lat' dir='ltr'>sit:</span> <span class='ocrx_word' id='word_1_196' title='bbox 1603 1892 1691 1920; x_wconf 90' lang='lat' dir='ltr'>non</span> <span class='ocrx_word' id='word_1_197' title='bbox 1713 1869 1831 1921; x_wconf 76' lang='grc'>6111111</span> 
     </span>
     <span class='ocr_line' id='line_1_25' title="bbox 457 1943 1830 2003; baseline -0.001 -11"><span class='ocrx_word' id='word_1_198' title='bbox 457 1947 587 1993; x_wconf 82' lang='grc' dir='ltr'>1110ἀο</span> <span class='ocrx_word' id='word_1_199' title='bbox 618 1946 805 1991; x_wconf 86' lang='lat' dir='ltr'>discutio</span> <span class='ocrx_word' id='word_1_200' title='bbox 827 1963 837 1991; x_wconf 90' lang='lat'>:</span> <span class='ocrx_word' id='word_1_201' title='bbox 865 1946 1078 1991; x_wconf 80' lang='lat' dir='ltr'>latebrosa</span> <span class='ocrx_word' id='word_1_202' title='bbox 1103 1955 1166 1989; x_wconf 89' lang='lat' dir='ltr'>est</span> <span class='ocrx_word' id='word_1_203' title='bbox 1182 1982 1193 2001; x_wconf 88' lang='lat'>,</span> <span class='ocrx_word' id='word_1_204' title='bbox 1219 1943 1379 1989; x_wconf 85' lang='lat' dir='ltr'>multos</span> <span class='ocrx_word' id='word_1_205' title='bbox 1403 1944 1520 1989; x_wconf 91' lang='lat' dir='ltr'>sinus</span> <span class='ocrx_word' id='word_1_206' title='bbox 1547 1944 1705 1998; x_wconf 77' lang='lat' dir='ltr'>habet3</span> <span class='ocrx_word' id='word_1_207' title='bbox 1740 1962 1830 2003; x_wconf 89' lang='grc' dir='ltr'>11011Ι</span> 
     </span>
     <span class='ocr_line' id='line_1_26' title="bbox 459 2014 1834 2077; baseline -0.001 -15"><span class='ocrx_word' id='word_1_208' title='bbox 459 2027 586 2064; x_wconf 86' lang='lat' dir='ltr'>vacat</span> <span class='ocrx_word' id='word_1_209' title='bbox 609 2033 755 2061; x_wconf 88' lang='grc'>01111165</span> <span class='ocrx_word' id='word_1_210' title='bbox 774 2033 931 2072; x_wconf 82' lang='lat' dir='ltr'>secare,</span> <span class='ocrx_word' id='word_1_211' title='bbox 954 2027 995 2060; x_wconf 90' lang='lat' dir='ltr'>et</span> <span class='ocrx_word' id='word_1_212' title='bbox 1010 2015 1064 2060; x_wconf 84' lang='lat' dir='ltr'>ad</span> <span class='ocrx_word' id='word_1_213' title='bbox 1088 2015 1238 2060; x_wconf 88' lang='lat' dir='ltr'>vivum</span> <span class='ocrx_word' id='word_1_214' title='bbox 1253 2014 1491 2077; x_wconf 85' lang='lat' dir='ltr'>pervenire.</span> <span class='ocrx_word' id='word_1_215' title='bbox 1517 2015 1630 2074; x_wconf 84' lang='lat' dir='ltr'>Ergo</span> <span class='ocrx_word' id='word_1_216' title='bbox 1647 2019 1737 2074; x_wconf 84' lang='lat' dir='ltr'>ejus</span> <span class='ocrx_word' id='word_1_217' title='bbox 1756 2030 1834 2060; x_wconf 70' lang='lat' dir='ltr'>cu·”</span> 
     </span>
     <span class='ocr_line' id='line_1_27' title="bbox 460 2083 1823 2150; baseline -0.003 -18"><span class='ocrx_word' id='word_1_218' title='bbox 460 2087 570 2133; x_wconf 88' lang='lat' dir='ltr'>ratio</span> <span class='ocrx_word' id='word_1_219' title='bbox 598 2086 644 2131; x_wconf 90' lang='lat' dir='ltr'>in</span> <span class='ocrx_word' id='word_1_220' title='bbox 663 2096 835 2150; x_wconf 89' lang='lat' dir='ltr'>tempus</span> <span class='ocrx_word' id='word_1_221' title='bbox 858 2084 978 2131; x_wconf 89' lang='lat' dir='ltr'>aliud</span> <span class='ocrx_word' id='word_1_222' title='bbox 1006 2084 1256 2137; x_wconf 85' lang='lat' dir='ltr'>differatur3</span> <span class='ocrx_word' id='word_1_223' title='bbox 1283 2083 1472 2129; x_wconf 87' lang='lat' dir='ltr'>fortassis</span> <span class='ocrx_word' id='word_1_224' title='bbox 1503 2084 1617 2128; x_wconf 82' lang='lat' dir='ltr'>enim</span> <span class='ocrx_word' id='word_1_225' title='bbox 1633 2085 1721 2129; x_wconf 89' lang='lat' dir='ltr'>sine</span> <span class='ocrx_word' id='word_1_226' title='bbox 1739 2101 1823 2129; x_wconf 88' lang='lat' dir='ltr'>ser-</span> 
     </span>
     <span class='ocr_line' id='line_1_28' title="bbox 463 2152 1830 2218; baseline -0.003 -15"><span class='ocrx_word' id='word_1_227' title='bbox 463 2173 590 2204; x_wconf 90' lang='lat' dir='ltr'>mone</span> <span class='ocrx_word' id='word_1_228' title='bbox 609 2166 755 2202; x_wconf 89' lang='lat' dir='ltr'>nostro</span> <span class='ocrx_word' id='word_1_229' title='bbox 776 2155 922 2202; x_wconf 87' lang='lat' dir='ltr'>divina</span> <span class='ocrx_word' id='word_1_230' title='bbox 939 2154 1226 2218; x_wconf 86' lang='lat' dir='ltr'>opitulatione</span> <span class='ocrx_word' id='word_1_231' title='bbox 1244 2153 1485 2200; x_wconf 83' lang='lat' dir='ltr'>sanabitur.</span> <span class='ocrx_word' id='word_1_232' title='bbox 1512 2152 1596 2198; x_wconf 87' lang='lat' dir='ltr'>Sed</span> <span class='ocrx_word' id='word_1_233' title='bbox 1613 2154 1719 2216; x_wconf 85' lang='lat' dir='ltr'>quid</span> <span class='ocrx_word' id='word_1_234' title='bbox 1739 2153 1822 2200; x_wconf 88' lang='lat' dir='ltr'>dis·</span> <span class='ocrx_word' id='word_1_235' title='bbox 1806 2166 1830 2212; x_wconf 60' lang='grc' dir='ltr'>-ξ</span> 
     </span>
    </p>

    <p class='ocr_par' dir='ltr' id='par_1_4' title="bbox 461 2213 1829 2431">
     <span class='ocr_line' id='line_1_29' title="bbox 461 2213 1829 2291; baseline -0.004 -17"><span class='ocrx_word' id='word_1_236' title='bbox 461 2227 560 2283; x_wconf 92' lang='lat' dir='ltr'>tuli,</span> <span class='ocrx_word' id='word_1_237' title='bbox 587 2226 693 2291; x_wconf 87' lang='lat' dir='ltr'>quid</span> <span class='ocrx_word' id='word_1_238' title='bbox 712 2226 810 2274; x_wconf 87' lang='lat' dir='ltr'>volo</span> <span class='ocrx_word' id='word_1_239' title='bbox 822 2225 952 2271; x_wconf 89' lang='lat' dir='ltr'>hodie</span> <span class='ocrx_word' id='word_1_240' title='bbox 970 2234 1169 2280; x_wconf 81' lang='lat' dir='ltr'>tractare,</span> <span class='ocrx_word' id='word_1_241' title='bbox 1190 2222 1400 2269; x_wconf 88' lang='lat' dir='ltr'>intendite</span> <span class='ocrx_word' id='word_1_242' title='bbox 1417 2233 1458 2268; x_wconf 90' lang='lat' dir='ltr'>et</span> <span class='ocrx_word' id='word_1_243' title='bbox 1474 2222 1738 2283; x_wconf 84' lang='lat' dir='ltr'>distinguite.</span> <span class='ocrx_word' id='word_1_244' title='bbox 1764 2213 1829 2285; x_wconf 64' lang='lat' dir='ltr'>At}</span> 
     </span>
     <span class='ocr_line' id='line_1_30' title="bbox 465 2291 1821 2361; baseline -0.004 -16.996"><span class='ocrx_word' id='word_1_245' title='bbox 465 2297 699 2361; x_wconf 85' lang='lat' dir='ltr'>aliquando</span> <span class='ocrx_word' id='word_1_246' title='bbox 724 2295 1021 2342; x_wconf 86' lang='lat' dir='ltr'>mentiendum</span> <span class='ocrx_word' id='word_1_247' title='bbox 1041 2294 1126 2351; x_wconf 86' lang='lat' dir='ltr'>sit,</span> <span class='ocrx_word' id='word_1_248' title='bbox 1166 2294 1281 2339; x_wconf 87' lang='lat' dir='ltr'>hanc</span> <span class='ocrx_word' id='word_1_249' title='bbox 1306 2292 1394 2339; x_wconf 81' lang='lat' dir='ltr'>dixi</span> <span class='ocrx_word' id='word_1_250' title='bbox 1417 2291 1638 2338; x_wconf 87' lang='lat' dir='ltr'>difficilem</span> <span class='ocrx_word' id='word_1_251' title='bbox 1660 2303 1702 2338; x_wconf 89' lang='lat' dir='ltr'>et</span> <span class='ocrx_word' id='word_1_252' title='bbox 1722 2292 1821 2339; x_wconf 90' lang='lat' dir='ltr'>late-</span> 
     </span>
     <span class='ocr_line' id='line_1_31' title="bbox 465 2362 1827 2431; baseline -0.004 -17"><span class='ocrx_word' id='word_1_253' title='bbox 465 2368 758 2414; x_wconf 84' lang='lat' dir='ltr'>brosissimam</span> <span class='ocrx_word' id='word_1_254' title='bbox 799 2367 1104 2431; x_wconf 86' lang='lat' dir='ltr'>quaestionem,</span> <span class='ocrx_word' id='word_1_255' title='bbox 1145 2364 1263 2411; x_wconf 86' lang='lat' dir='ltr'>hanc</span> <span class='ocrx_word' id='word_1_256' title='bbox 1301 2362 1466 2409; x_wconf 84' lang='lat' dir='ltr'>differo.</span> <span class='ocrx_word' id='word_1_257' title='bbox 1515 2362 1671 2409; x_wconf 88' lang='lat' dir='ltr'>Utrum</span> <span class='ocrx_word' id='word_1_258' title='bbox 1693 2373 1827 2408; x_wconf 70' lang='lat' dir='ltr'>autem</span> 
     </span>
    </p>
   </div>
   <div class='ocr_carea' id='block_1_3' title="bbox 471 2432 1821 2496">
    <p class='ocr_par' dir='ltr' id='par_1_5' title="bbox 471 2432 1821 2496">
     <span class='ocr_line' id='line_1_32' title="bbox 471 2432 1821 2496; baseline -0.004 -12"><span class='ocrx_word' id='word_1_259' title='bbox 471 2438 671 2485; x_wconf 87' lang='lat' dir='ltr'>Christus</span> <span class='ocrx_word' id='word_1_260' title='bbox 710 2438 916 2485; x_wconf 87' lang='lat' dir='ltr'>mentitus</span> <span class='ocrx_word' id='word_1_261' title='bbox 961 2436 1015 2484; x_wconf 89' lang='lat' dir='ltr'>sit</span> <span class='ocrx_word' id='word_1_262' title='bbox 1043 2473 1055 2492; x_wconf 85' lang='lat'>,</span> <span class='ocrx_word' id='word_1_263' title='bbox 1097 2446 1246 2482; x_wconf 87' lang='lat' dir='ltr'>utrum</span> <span class='ocrx_word' id='word_1_264' title='bbox 1276 2433 1444 2481; x_wconf 84' lang='lat' dir='ltr'>Veritas</span> <span class='ocrx_word' id='word_1_265' title='bbox 1477 2432 1643 2496; x_wconf 83' lang='lat' dir='ltr'>aliquid</span> <span class='ocrx_word' id='word_1_266' title='bbox 1681 2432 1821 2485; x_wconf 79' lang='lat' dir='ltr'>falsun</span> 
     </span>
    </p>
   </div>
   <div class='ocr_carea' id='block_1_4' title="bbox 1837 0 1861 3241">
    <p class='ocr_par' dir='ltr' id='par_1_6' title="bbox 1837 0 1861 3241">
     <span class='ocr_line' id='line_1_33' title="bbox 1837 0 1861 3241; baseline 0 0"><span class='ocrx_word' id='word_1_267' title='bbox 1837 0 1861 3241; x_wconf 95' lang='lat' dir='ltr'> </span> 
     </span>
    </p>
   </div>
   <div class='ocr_carea' id='block_1_5' title="bbox 1825 1023 1837 2586">
    <p class='ocr_par' dir='ltr' id='par_1_7' title="bbox 1825 1023 1837 2586">
     <span class='ocr_line' id='line_1_34' title="bbox 1825 1023 1837 2586; baseline 0 0"><span class='ocrx_word' id='word_1_268' title='bbox 1825 1023 1837 2586; x_wconf 95' lang='lat' dir='ltr'> </span> 
     </span>
    </p>
   </div>
   <div class='ocr_carea' id='block_1_6' title="bbox 522 2537 739 2582">
    <p class='ocr_par' dir='ltr' id='par_1_8' title="bbox 522 2537 739 2582">
     <span class='ocr_line' id='line_1_35' title="bbox 522 2537 739 2582; baseline 0.005 -12"><span class='ocrx_word' id='word_1_269' title='bbox 522 2537 531 2560; x_wconf 83' lang='lat'><strong>¹</strong></span> <span class='ocrx_word' id='word_1_270' title='bbox 551 2537 631 2572; x_wconf 78' lang='lat' dir='ltr'>Psal.</span> <span class='ocrx_word' id='word_1_271' title='bbox 652 2549 686 2582; x_wconf 90' lang='lat' dir='ltr'>v,</span> <span class='ocrx_word' id='word_1_272' title='bbox 707 2549 739 2578; x_wconf 83' lang='lat'>7.</span> 
     </span>
    </p>
   </div>
  </div>
 </body>
</html>
