1866 3241
444 266 536 324 1366
861 286 896 317 s.
938 286 1180 320 Anousrim
1215 285 1418 318 EP1sco1>1

440 350 531 403 Nisi
551 350 669 401 enim
693 349 832 399 siccus
849 350 1019 408 fuisses,
1047 368 1135 396 non
1160 351 1315 397 sitisses
1336 370 1346 398 :
1368 352 1401 397 si
1420 369 1508 397 non
1530 351 1701 409 sitisses,
1724 368 1813 399 non
1864 387 1866 389 -

439 419 633 475 bibisses,
662 419 783 476 Quid
802 431 880 476 est,
904 421 1042 466 sinon
1061 420 1231 476 sitisses,
1251 437 1339 465 non
1359 421 1573 466 bibisses?
1593 422 1686 467 Nisi
1704 433 1753 467 tu
1771 432 1814 468 te

440 490 611 544 inanem
639 489 894 546 invenisses,
929 490 975 535 in
1008 490 1236 535 Christum
1259 507 1348 536 non
1374 489 1637 538 credidisses,
1675 493 1814 538 Ante-

441 577 573 623 quam
607 559 769 611 diceret
796 578 808 605 ε
833 580 853 600 α
879 559 1079 606 Flumina
1108 576 1233 622 aquae
1262 561 1377 606 vivae
1411 560 1547 606 fluent
1577 560 1631 606 de
1665 572 1814 609 ventre

442 651 463 672 >2
481 634 570 690 eJus
594 646 606 675 ε
634 650 655 671 »
677 629 800 693 prius
823 628 930 674 dixit
953 647 964 674 z
992 650 1013 671 «
1035 629 1083 675 Si
1112 630 1208 692 quis
1231 629 1321 675 sitit
1336 667 1348 686 ,
1380 630 1526 677 veniat
1551 641 1594 675 et
1623 630 1764 678 bibat.
1791 653 1813 674 »

444 699 548 753 Ideo
571 699 735 751 flumen
758 699 946 746 habebis
969 716 1094 763 aquae
1117 700 1245 757 vivae,
1269 700 1372 763 quia
1393 700 1541 746 bibis:
1567 717 1656 746 non
1675 700 1810 759 bibis,

439 770 476 823 si
498 786 586 821 non
604 768 696 819 sitis
716 786 727 814 ι
755 769 790 815 si
807 779 950 815 autem
968 769 1159 827 sitiebas,
1186 787 1319 833 quare
1337 781 1547 834 tanquam
1563 770 1616 817 de
1639 781 1714 816 tuo
1733 771 1818 817 flu*

441 840 556 893 mine
578 838 752 899 gloriari
778 838 982 886 volebas?
1013 841 1127 901 Ergo
1149 840 1274 897 «Qui
1297 839 1526 900 gloriatur,
1557 841 1604 886 in
1627 841 1819 887 Domino

443 931 464 951 υ
480 908 728 970 glorietur&
763 931 783 951 »

445 1331 535 1378 bat.
549 1332 757 1392 Magnum
773 1341 835 1377 est
852 1332 959 1377 scire
975 1332 1202 1378 Christum
1222 1332 1477 1377 crucifixum
1495 1331 1593 1378 :sed
1609 1343 1707 1378 ante
1719 1349 1822 1380 oeu-

443 1401 508 1449 los
537 1400 818 1465 parvulorum
851 1411 1062 1466 tanquam
1086 1402 1331 1449 involutum
1351 1402 1498 1466 posuit
1524 1402 1778 1449 thesaurum
1804 1420 1816 1449 ε

442 1542 523 1593 iste
546 1542 804 1590 thesaurus?
836 1542 1004 1589 Deinde
1029 1542 1113 1589 alio
1130 1543 1227 1589 loco
1244 1581 1256 1600 ,
1283 1559 1385 1589 cum
1407 1553 1616 1588 metueret
1641 1543 1819 1607 quibus·
1843 1569 1845 1572 .

443 1612 564 1670 dam,
589 1629 645 1659 ne
673 1629 754 1677 per
769 1611 1097 1677 philosophiam
1119 1623 1162 1658 et
1190 1630 1246 1659 111
1240 1631 1365 1659 mem
1391 1612 1610 1659 fallaciam
1639 1611 1819 1659 seduce-

443 1691 594 1729 rentur
625 1700 649 1728 a
680 1681 882 1739 Christo,
908 1682 1161 1728 thesaurum
1190 1682 1380 1729 scientiae
1411 1692 1454 1727 et
1479 1681 1704 1759 sapientiae
1735 1683 1819 1728 Dei
1842 1709 1866 1758 ῳ

443 1751 645 1816 promisit
662 1752 708 1797 in
731 1751 924 1798 Christo.
952 1772 973 1793 ε(
989 1752 1177 1809 Cavete,
1203 1752 1365 1816 inquit,
1393 1768 1446 1798 ne
1469 1752 1565 1814 quis
1586 1767 1663 1799 vos
1687 1751 1817 1798 sedu-

442 2325 506 2360 est
532 2332 543 2360 ε
574 2330 703 2378 quem
726 2330 814 2360 non
833 2313 992 2377 quaeris
1004 2312 1037 2360 5.
1070 2313 1190 2370 Quid
1213 2312 1406 2376 prodest,
1429 2313 1531 2376 quia
1555 2312 1744 2358 multum
1762 2313 1808 2359 si·

443 2383 513 2441 tis,
537 2395 579 2430 et
598 2384 762 2431 fontem
787 2382 996 2429 calcando
1023 2383 1287 2447 pertransis?
1317 2382 1566 2427 Contemnis
1583 2382 1806 2429 humilita-

438 2464 523 2499 tem
541 2491 552 2511 ,
572 2454 674 2518 quia
696 2471 783 2501 non
799 2453 1001 2514 intelligis
1022 2457 1303 2514 majestatem.
1334 2474 1355 2495 «
1378 2452 1424 2498 Si
1443 2453 1559 2499 enim
1581 2453 1805 2513 cognovis-

482 2552 493 2575 Ι
515 2563 527 2583 1
545 2553 621 2587 Cor.
638 2565 676 2592 u,
694 2565 725 2586 1.
739 2570 788 2578 —
802 2552 818 2575 ²
835 2554 933 2584 Forte
946 2554 1149 2598 martyrium.
1161 2550 1234 2578 -3
1256 2565 1268 2585 1
1286 2555 1359 2586 Cor.
1376 2564 1414 2593 11,
1435 2564 1469 2588 2.
1486 2550 1561 2577 ·--⁴
1587 2553 1707 2586 Coloss.
1725 2564 1763 2594 11,
1781 2553 1807 2585 8'

436 2611 467 2640 et
485 2607 515 2642 3.
527 2621 573 2630 —
586 2603 601 2629 ⁵
614 2606 675 2639 Hic
690 2606 812 2651 aliquid
827 2606 933 2643 deest.

985 3061 1011 3149 „¹¹⁵
