1866 3241
0 1576 5 1638 ὲ

198 332 338 365 51111110
374 329 511 370 cxxxr,
549 329 605 360 DE
639 328 797 360 VERBIS
833 326 994 359 EVANG.
1036 328 1164 361 JOAN.
1205 328 1248 363 v.
1328 316 1416 363 133

36 400 203 447 factum
219 409 293 444 est.
327 398 493 460 Repete
513 407 684 459 tempus
700 395 864 440 Veteris
882 395 1164 449 Testamenti,
1186 397 1320 455 gratia
1338 415 1418 443 oc-

40 469 157 515 culta
181 478 243 513 est
282 468 328 512 in
358 467 498 522 nube,
536 477 741 529 tanquam
772 465 913 509 imber
951 465 997 509 111
1023 465 1191 512 vellere.
1233 467 1421 513 Attende

42 538 354 601 modotempus
364 538 473 583 Novi
487 537 768 591 Testamenti,
784 535 949 580 discute
962 546 1129 594 gentem
1140 537 1163 579 J
1172 536 1395 582 udaeorum
1405 574 1416 592 ‚

42 609 167 674 quasi
188 608 325 655 vellus
353 609 516 653 siccum
546 608 736 653 invenies
760 624 770 651 ε
798 606 916 651 orbis
941 623 1041 652 vero
1077 617 1188 651 totus
1212 617 1424 669 tanquam

41 680 115 727 illa
131 696 226 725 area
236 678 392 742 plenus
408 690 470 724 est
485 679 620 739 gratia
636 695 723 723 non
737 676 925 732 occulta,
941 676 1015 721 sed
1030 676 1268 723 manifesta.
1296 676 1425 721 Unde

43 749 232 796 multum
251 748 456 812 plangere
473 749 667 808 cogimur
682 747 833 793 fratres
848 757 1031 803 nomm,
1054 746 1131 810 qui
1160 764 1248 792 non
1273 756 1428 791 contra

45 818 261 866 occultam
280 856 290 874 ‚
335 819 410 864 sed
445 829 596 865 contra
628 829 821 882 apertam
861 818 1042 878 gratiam
1073 817 1432 879 manifestamque

47 889 330 936 contendunt.
366 890 609 949 Ignoscitur
629 889 809 934 Judaeis.
844 887 965 944 Quid
998 887 1267 933 Christiani?
1294 903 1430 949 quare

46 960 214 1006 inimici
250 960 399 1019 gratiae
440 959 636 1005 Christi?
659 960 805 1015 Quare
847 958 900 1003 de
923 958 1049 1004 vobis
1082 968 1393 1021 praesumentes
1409 960 1430 1002 ¹1)

50 1047 182 1094 quare
198 1030 384 1090 ingrati?
405 1030 549 1086 Quare
569 1030 684 1075 enim
709 1029 910 1074 Christus
927 1028 1078 1075 venit?
1101 1028 1327 1092 Numquid
1345 1046 1430 1073 na-

0 1162 2 1168 ,
50 1111 148 1146 tura
164 1100 240 1146 hic
264 1117 351 1146 non
378 1103 499 1146 erat?
518 1101 684 1145 Natura
703 1116 790 1144 non
823 1109 930 1155 erat,
951 1116 1083 1162 quam
1118 1098 1307 1144 multum
1332 1098 1432 1143 lau-

54 1170 198 1217 dando
224 1171 454 1234 decipitis?
489 1170 717 1234 Numquid
753 1171 837 1215 Lex
870 1169 944 1215 hic
970 1187 1058 1215 non
1095 1173 1217 1214 erat?
1260 1168 1345 1214 Sed
1376 1167 1438 1212 ait

55 1241 285 1305 Apostolus
313 1260 324 1286 ε
350 1263 371 1283 «
394 1241 441 1287 Si
458 1259 535 1305 per
562 1243 718 1301 Legem
737 1240 909 1301 justitia
925 1277 936 1295 ‚
961 1257 1062 1300 ergo
1081 1239 1282 1285 Christus
1308 1237 1440 1298 gratis

56 1331 79 1354 >³
101 1322 298 1357 mortuus
326 1323 401 1358 est.
429 1334 448 1353 >³
476 1312 608 1368 Quod
643 1312 702 1357 ait
737 1311 970 1374 Apostolus
998 1309 1052 1355 de
1071 1311 1183 1369 Lege
1200 1347 1210 1365 ‚
1243 1309 1329 1354 hoc
1359 1325 1438 1354 nos

56 1381 147 1427 istis
170 1381 355 1427 dicimus
381 1381 434 1426 de
458 1393 614 1427 natura
636 1399 647 1426 ε
673 1402 694 1421 «
716 1381 762 1425 Si
795 1398 874 1444 per
896 1391 1097 1425 naturam
1117 1379 1309 1439 justitia,
1338 1394 1441 1438 ergo

60 1473 80 1493 »
104 1451 305 1497 Christus
325 1452 454 1510 gratis
477 1461 674 1496 mortuus
693 1449 798 1496 est-4.
824 1471 844 1491 »

125 1521 179 1568 X.
217 1520 349 1576 Quod
367 1538 467 1580 ergo
499 1520 668 1566 dictum
692 1530 753 1564 est
782 1519 834 1564 de
853 1519 878 1562 J
883 1518 1019 1564 udaeis
1039 1556 1050 1574 ‚
1091 1519 1177 1564 1100
1201 1518 1378 1564 0111111110
1394 1517 1441 1563 111

60 1590 150 1637 istis
190 1590 400 1637 videmus.
448 1586 600 1635 Zelum
636 1589 715 1634 Dei
744 1589 925 1635 habent.
963 1589 1317 1634 «Testimonium
1360 1587 1446 1632 illis

1 1686 6 1699 ι
63 1660 315 1724 »perhibeo
333 1698 344 1717 ‚
374 1661 477 1724 quia
498 1660 637 1705 zelum
670 1659 746 1704 Dei
768 1659 957 1715 habent,
995 1659 1067 1704 sed
1093 1677 1181 1704 11011
1204 1657 1470 1714 secundum¹

2 1757 4 1768 ·
67 1752 87 1773 »
104 1730 340 1777 scientiam.
378 1730 498 1788 Quid
523 1741 613 1785 est,
640 1747 729 1775 non
752 1729 991 1775 secundum
1019 1729 1272 1774 scientiam?
1310 1729 1447 1788 Igno-

66 1820 90 1843 »
105 1810 245 1845 rantes
266 1801 379 1845 enim
396 1800 477 1846 Dei
498 1800 732 1859 justitiam,
756 1810 797 1844 et
815 1816 935 1844 suam
952 1798 1143 1845 volentes
1169 1798 1445 1852 constituere,

68 1891 90 1912 ›>
105 1870 284 1930 justitiae
304 1871 385 1916 Dei
407 1888 494 1916 non
521 1881 621 1915 sunt
639 1870 822 1929 subjecti
839 1870 872 1916 2.
900 1891 920 1910 n
940 1870 1106 1914 Fratres
1126 1870 1212 1914 mei
1228 1907 1238 1926 ‚
1264 1885 1449 1931 compa-

71 1940 211 1987 timini
233 1958 421 1987 mecum.
456 1941 545 1985 Ubi
580 1941 684 1986 tales
711 1940 958 1986 invencritis
976 1978 987 1996 ‚
1029 1940 1247 1986 occultare
1287 1939 1420 1984 nolite
1438 1976 1449 1995 ‚

70 2028 158 2057 non
177 2009 231 2054 sit
251 2009 298 2054 in
320 2010 447 2055 vobis
463 2027 661 2072 perversa
686 2010 980 2056 misericordia
1008 2028 1018 2055 :
1046 2028 1223 2074 prorsus
1249 2010 1327 2055 ubi
1350 2008 1456 2055 tales

71 2079 319 2127 inveneritis
334 2116 344 2135 ‚
372 2079 589 2125 occultare
619 2079 765 2126 nolite.
796 2080 1060 2139 Redarguite
1079 2080 1423 2126 contradicentes
1442 2115 1453 2135 ‚

74 2159 116 2194 et
136 2148 374 2194 resistentes
400 2148 454 2193 ad
488 2166 565 2194 nos
597 2148 839 2213 perducite.
874 2149 972 2194 Jam
1002 2150 1115 2194 enim
1138 2150 1191 2195 de
1218 2150 1304 2195 hac
1328 2165 1459 2194 causa

76 2217 164 2264 duo
184 2218 368 2264 concilia
388 2219 515 2264 missa
541 2229 642 2264 sunt
666 2218 720 2264 ad
744 2218 887 2264 sedem
908 2219 1205 2282 Apostolicam
1225 2219 1293 2282 (4)
1324 2238 1335 2264 ε
1356 2218 1460 2265 inde

77 2288 206 2333 etiam
229 2288 439 2351 rescripta
467 2299 692 2336 venerunt.
732 2288 872 2334 Causa
906 2289 1027 2334 finita
1052 2300 1114 2334 est
1143 2307 1154 2334 :
1182 2289 1351 2334 utinam
1375 2288 1460 2334 ali-

79 2358 253 2422 quando
281 2358 459 2405 finiatur
483 2375 613 2406 error.
654 2359 769 2419 Ergo
805 2369 854 2404 ut
878 2358 1106 2406 advertant
1130 2375 1355 2405 monemus
1372 2396 1383 2415 ,
1414 2368 1464 2403 ut

81 2429 347 2475 instruantur
377 2428 609 2488 docemus,
636 2441 685 2476 ut
705 2440 933 2477 mutentur
960 2446 1144 2478 oremus,
1177 2428 1384 2477 Conversi
1407 2427 1468 2477 ad

85 2500 346 2558 Dominum,
374 2511 457 2547 etc.

133 2600 143 2622 ¹
163 2600 268 2634 Galat.
284 2612 324 2641 11,
345 2602 401 2635 31.
414 2618 459 2626 —
477 2599 492 2623 ²
508 2603 601 2636 Rom«
619 2611 652 2640 x,
669 2611 700 2640 2,
722 2603 753 2634 3.
