1866 3241
417 305 507 352 352
836 322 870 351 s,
912 319 1154 352 AUGUSTINI
1189 321 1394 353 EPISCOPI

416 385 640 431 bonitate?
673 384 860 449 Speique
887 385 971 449 ipsi
1012 385 1122 431 adde
1149 386 1421 433 charitatem.
1454 387 1650 450 Desuper
1671 385 1780 431 emi-

415 466 586 501 nentem
605 455 720 502 viam
736 456 964 512 habemus,
988 455 1158 502 dicente
1180 457 1387 520 Apostolo
1412 475 1423 502 ς
1454 456 1780 520 Supereminen-

417 538 504 573 tem
531 527 646 574 viam
679 526 803 574 vobis
826 526 1072 572 demonstro
1107 545 1117 572 :
1146 549 1167 569 «
1195 528 1240 573 Si
1268 527 1424 588 linguis
1453 527 1684 573 hominum
1713 526 1781 572 lo-

417 620 438 641 »
461 615 570 662 quar
592 609 633 643 et
663 597 925 658 Angelorum
940 634 951 654 ‚
985 597 1244 644 charitatem
1279 609 1421 644 autem
1451 615 1540 643 non
1564 597 1752 642 habeam
1767 633 1778 654 ,

417 691 439 712 »
462 670 600 715 factus
624 686 719 714 sum
743 668 860 715 velut
893 679 1176 714 aeramentum
1200 687 1353 715 sonans
1371 707 1382 726 ,
1421 679 1494 714 aut
1532 667 1782 732 cymbalum

419 762 439 783 >³
464 741 648 786 tinniens
665 738 683 768 1
707 757 718 784 :
745 760 765 780 ³>
790 750 832 784 et
858 749 1013 784 caetera
1031 751 1201 785 enarrat
1220 740 1354 796 bona,
1382 750 1423 784 et
1458 739 1546 784 sine
1574 737 1783 783 charitate

419 811 529 857 nihil
547 809 747 873 prodesse
770 809 1012 856 confirmat.
1041 810 1247 855 Maneant
1269 826 1367 870 ergo
1381 809 1497 865 haee,
1520 808 1643 865 fides,
1670 825 1779 872 spes,

421 881 609 928 charitas
634 898 644 925 :
667 883 806 939 major
828 890 970 925 autem
995 879 1154 925 horum
1181 880 1383 926 charitas.
1422 878 1658 925 Sectamini
1681 878 1783 924 cha-

418 952 603 997 ritatem.
625 949 863 995 Discernite
882 967 980 1010 ergo
997 950 1128 996 fidem
1145 961 1345 997 vestram.
1373 950 1398 994 J
1404 967 1471 995 am
1490 949 1587 995 estis
1606 949 1659 995 de
1674 965 1784 1012 prae-
1819 956 1821 977 ⁶

419 1020 658 1076 destinatis,
684 1020 864 1076 vocatis,
885 1021 1148 1080 justificatis.
1189 1021 1351 1067 Paulus
1383 1020 1600 1084 apostolus
1633 1019 1742 1065 dicit
1769 1037 1781 1065 ι

420 1115 440 1135 «
460 1093 608 1155 Neque
631 1090 903 1136 circumcisio
922 1091 1088 1154 aliquid
1103 1091 1236 1148 valet,
1257 1108 1395 1153 neque
1412 1089 1737 1154 praeputium23
1765 1113 1785 1135 ι)

420 1163 493 1209 sed
516 1162 636 1209 fides.
673 1161 757 1206 Dic
785 1161 959 1219 adhuc,
998 1162 1225 1225 Apostole‚
1266 1161 1399 1218 adde,
1433 1161 1650 1215 discerne3
1687 1162 1787 1225 quia
1818 1186 1819 1223 3

420 1256 440 1275 «
462 1234 517 1278 Et
536 1231 752 1278 daemones
774 1230 981 1288 credunt,
1007 1242 1049 1277 et
1071 1232 1408 1277 contremiscunt
1432 1250 1442 1276 :
1466 1249 1566 1292 ergo
1590 1231 1722 1288 adde,
1747 1242 1788 1277 et
1816 1233 1819 1278 ἵ

420 1304 614 1350 discerne
647 1320 658 1347 ε
686 1323 706 1343 α
730 1302 958 1348 Daemones
984 1302 1099 1348 enim
1127 1303 1312 1349 credunt
1329 1340 1340 1360 ,
1375 1313 1418 1349 et
1453 1302 1788 1349 contremiscunt

420 1396 442 1417 ³>
465 1374 585 1437 quod
615 1373 814 1420 oderunt.
851 1394 871 1415 »
902 1373 1128 1433 Distingue
1147 1411 1158 1430 9
1194 1373 1423 1437 Apostole‚
1456 1384 1498 1419 et
1526 1372 1788 1418 circumcide

420 1444 551 1491 fidem
583 1460 755 1500 meam,
788 1453 830 1488 et
858 1442 1051 1489 discerne
1078 1452 1259 1489 causam‘
1279 1461 1419 1489 meam
1459 1443 1512 1488 de
1544 1454 1666 1503 gente
1698 1460 1785 1490 non

417 1526 565 1561 sancta
584 1514 616 1562 3.
646 1513 779 1559 Plane
812 1513 1040 1573 distinguit
1061 1551 1072 1569 ‚
1109 1513 1335 1570 discernit,
1359 1514 1666 1560 circumcidit:
1689 1535 1709 1556 c:
1730 1516 1784 1561 Et

419 1606 439 1627 >)
463 1585 586 1641 fides,
606 1584 767 1647 inquit,
800 1600 898 1646 quae
915 1601 995 1646 per
1015 1582 1290 1629 dilectionem
1314 1595 1517 1647 operatur
1530 1583 1563 1630 Δ.
1586 1606 1607 1626 >>

1814 1633 1815 1648 1

479 1656 579 1702 Vll.
604 1654 911 1717 Unusquisque
928 1671 1045 1714 ergo,
1068 1654 1218 1700 fratres
1237 1655 1340 1711 mei,
1365 1655 1569 1718 inspiciat
1590 1673 1631 1701 se
1649 1655 1780 1714 intus,
1814 1702 1815 1713 2

419 1724 639 1790 appendat
659 1741 717 1780 se,
742 1724 899 1787 probet
922 1741 963 1769 se
983 1725 1028 1770 in
1052 1725 1255 1770 omnibus
1272 1725 1397 1771 factis
1419 1726 1520 1783 suis,
1541 1725 1668 1772 bonis
1687 1743 1785 1790 ope-

418 1797 539 1842 ribus
562 1795 646 1841 suis
661 1832 672 1851 ‚
701 1811 801 1858 quae
820 1793 951 1839 faciat
973 1812 1075 1840 cum
1101 1795 1335 1853 charitate,
1361 1814 1449 1842 non
1472 1807 1699 1859 expectans
1723 1813 1785 1842 re-

417 1865 704 1912 tributionem
742 1865 1049 1928 temporalem,
1096 1865 1169 1910 sed
1205 1866 1465 1929 promissum
1492 1866 1599 1923 Dei,
1636 1859 1814 1912 faciem?

421 1937 515 1983 Dei.
549 1936 648 1981 Non
673 1934 787 1980 enim
810 1935 1027 1998 quidquid
1051 1935 1133 1980 tibi
1156 1936 1272 1982 Deus
1298 1936 1540 1999 promittit,
1567 1935 1680 1983 valet
1715 1935 1785 1981 ali·
1810 1990 1813 2003 Ι

421 2006 529 2071 quid
550 2016 709 2069 praeter
721 2006 864 2068 ipsum
885 2006 1038 2051 Deum.
1066 2005 1259 2051 Omnino
1277 2024 1345 2051 me
1358 2024 1446 2051 non
1464 2007 1637 2051 satiaret
1652 2007 1781 2062 Deus,

419 2078 501 2123 nisi
539 2076 810 2139 promitteret
849 2075 960 2120 mihi
992 2092 1033 2120 se
1067 2075 1213 2138 ipsum
1253 2077 1407 2122 Deum.
1447 2075 1567 2132 Quid
1600 2087 1663 2121 est
1699 2086 1786 2121 tota

419 2149 562 2192 terra?
595 2145 715 2203 Quid
742 2156 804 2191 est
835 2156 975 2190 totum
1010 2149 1155 2190 mare?
1183 2145 1303 2206 Quid
1335 2157 1397 2191 est
1429 2157 1568 2192 10111111
1594 2145 1783 2192 coelum?

421 2217 541 2274 Quid
567 2227 667 2262 sunt
695 2216 837 2262 omnia
862 2215 1037 2261 sidera?
1067 2215 1186 2271 Quid
1223 2215 1320 2262 sol?
1348 2216 1468 2273 Quid
1502 2216 1636 2262 luna?
1669 2214 1811 2275 Quid*⁴

420 2287 628 2334 exercitus
648 2285 940 2346 Angelorum?
962 2285 1173 2332 Omnium
1189 2287 1370 2333 istorum
1390 2287 1635 2332 Creatorem
1655 2286 1750 2332 sitio
1770 2302 1781 2330 ε

421 2358 563 2421 ipsum
586 2356 725 2403 esurio
743 2394 754 2413 ‚
778 2357 920 2420 ipsum
948 2356 1067 2412 sitio,
1102 2356 1186 2420 ipsi
1210 2357 1309 2403 dico
1336 2376 1346 2402 ε
1377 2378 1397 2399 «
1429 2358 1647 2413 Quoniam
1671 2355 1785 2420 apud
1806 2398 1808 2410 ‚

423 2448 444 2469 ›>
469 2438 509 2473 te
530 2438 591 2473 est
616 2427 711 2473 fons
728 2426 831 2473 vitae
845 2425 878 2473 5.
907 2447 928 2467 >2
954 2426 1043 2481 Qui
1068 2426 1179 2471 mihi
1200 2427 1307 2473 dicit
1330 2445 1340 2472 :
1369 2448 1389 2468 «
1415 2428 1506 2487 Ego
1530 2445 1624 2473 sum
1643 2426 1781 2490 panis,
1806 2467 1807 2482 ,

423 2518 444 2539 >>
472 2497 547 2560 qui
574 2496 626 2542 de
657 2496 769 2543 coelo
793 2495 993 2542 descendi
1017 2496 1050 2543 ⁶.
1077 2518 1096 2538 »
1121 2497 1292 2543 Esuriat
1326 2508 1368 2543 et
1391 2497 1507 2543 sitiat
1537 2496 1784 2561 peregrina-
1806 2535 1807 2554 ;

466 2600 476 2621 ¹
503 2607 515 2626 1
533 2597 608 2627 Cor.
629 2607 685 2633 vn,
712 2598 767 2638 31,
791 2601 822 2627 et
846 2606 914 2639 x1x‚
947 2608 1035 2627 1.—-
1055 2593 1071 2617 2
1090 2596 1195 2629 Galat.
1216 2608 1249 2637 v,
1277 2597 1308 2628 6.
1330 2596 1440 2628 Florus
1463 2595 1592 2630 ibidem.
1616 2614 1658 2622 —
1674 2593 1778 2628 ³Psal.

412 2661 498 2694 xmr,
518 2661 548 2683 1.
563 2666 609 2672 —-
629 2646 761 2681 “Galat.
781 2659 810 2691 v,
833 2650 864 2683 (j.
878 2668 920 2695 —7
935 2645 948 2671 ⁵
971 2648 1049 2682 Paal.
1067 2660 1165 2692 xxxv,
1184 2660 1230 2684 10.
1244 2646 1419 2684 —GJoau.
1435 2660 1481 2692 vr,
1504 2655 1558 2687 41.
