1866 3241
235 267 376 296 SERMO
413 265 553 304 cxvii,
593 265 647 293 DE
684 265 840 294 VERBIS
876 264 1025 293 EVANG
1083 264 1211 295 JoAN.
1256 264 1285 293 1.
1404 264 1460 310 27

87 329 264 385 laudas,
288 330 432 375 tribue
460 345 471 373 t
499 339 541 373 et
576 328 732 374 tribuis
757 326 820 373 illi
852 344 900 373 ex
926 327 1008 373 isto
1041 344 1190 387 genere
1213 327 1466 374 similitudi-

87 416 191 445 num
221 417 301 462 pro
329 399 557 445 coaevitate
579 398 946 454 coaeternitatem,
978 407 1027 443 ut
1053 408 1291 443 coaeternus
1307 400 1362 445 sit
1381 416 1463 445 na-

88 480 156 516 tus
179 487 279 515 cum
306 487 355 515 eo
380 488 402 516 a
420 485 507 533 quo
531 480 656 515 natus
684 469 752 516 sit.
783 469 847 514 De
868 467 952 514 alio
974 478 1117 514 autem
1133 467 1463 516 similitudinum

88 558 253 601 genere,
284 557 383 605 quae
415 552 457 586 et
495 542 590 605 ipsa
614 551 811 587 creatura
842 540 923 586 Dei
946 550 1030 596 est,
1061 550 1103 585 et
1127 538 1257 585 debet
1286 539 1464 587 laudare

89 615 354 667 Creatorem,
380 611 489 675 quid
512 611 574 658 ibi
598 610 776 657 laudas?
811 610 1113 675 AEqualitatem
1152 620 1335 658 naturae.
1362 611 1460 657 Jam

87 694 269 746 propter
292 683 411 729 illam
449 682 773 729 distinctionem
811 681 988 728 dederas
1024 681 1390 736 coaeternitatem3
1412 681 1466 728 da

86 764 270 817 propter
283 754 426 809 istam,
447 752 738 818 aequalitatem
757 773 768 806 ;
791 763 833 798 et
849 752 1041 817 perfecta
1060 764 1122 798 est
1143 752 1344 799 nativitas
1357 755 1467 813 eius·

88 824 185 869 dem
232 824 503 872 substantiae.
552 824 671 881 Quid
709 824 823 870 enim
866 823 1136 880 dementius,
1163 822 1314 870 fratres
1350 823 1432 869 mei
1452 861 1463 879 ,

88 912 217 958 quam
251 906 298 941 ut
326 895 371 940 in
395 894 540 958 aliquo
572 894 745 941 laudem
770 905 1013 941 creaturam
1031 932 1043 953 ,
1078 893 1201 959 quod
1223 911 1313 940 non
1335 893 1389 940 sit
1422 894 1467 939 in

89 967 323 1011 (ilreatorei’
355 965 502 1011 Laudo
526 965 571 1011 in
594 965 771 1012 homine
789 964 1083 1029 aequalitatem
1100 975 1286 1022 naturae,
1314 975 1357 1010 et
1380 982 1467 1011 non

87 1036 281 1082 credoin
305 1054 354 1082 eo
377 1036 452 1101 qui
476 1036 578 1082 fecit
602 1036 853 1082 hominem?
877 1035 1010 1093 Quod
1033 1035 1086 1082 de
1108 1035 1290 1082 homine
1317 1046 1468 1082 natum

86 1118 162 1153 vsi.
192 1107 324 1153 homo
355 1118 446 1162 est;
475 1118 516 1153 et
548 1106 668 1171 quod
703 1107 756 1153 de
792 1108 884 1153 Deo
910 1117 1062 1153 natum
1097 1117 1175 1163 est,
1205 1124 1294 1153 non
1321 1106 1367 1152 id
1390 1107 1470 1152 erit

86 1178 202 1241 quod
224 1177 293 1224 ille
309 1178 361 1224 de
378 1196 465 1242 quo
481 1189 633 1225 natum
650 1181 744 1224 est?
769 1180 867 1224 Non
885 1195 1031 1225 versor
1061 1177 1106 1225 in
1129 1178 1335 1243 operibus
1367 1195 1465 1242 quae

87 1249 202 1293 licus
226 1266 313 1294 non
354 1249 471 1296 fecit.
503 1248 704 1295 Laudent
743 1266 842 1309 ergo
876 1249 1125 1295 Creatorem
1158 1248 1304 1295 omnia
1337 1266 1468 1313 opera

85 1336 173 1365 sua.
206 1319 383 1365 Invenio
407 1319 481 1365 hic
500 1336 716 1376 coaevum,
745 1336 959 1380 cognosco
979 1319 1043 1364 ibi
1066 1329 1347 1366 coaeternum.
1379 1320 1464 1366 Hic

85 1389 375 1452 aequalitatem
401 1390 572 1436 invenio
613 1401 809 1446 naturae,
849 1390 912 1436 ibi
945 1389 1139 1450 intelligo
1179 1389 1469 1454 aequalitatem

85 1461 352 1507 substantiae.
382 1462 544 1507 Totum
561 1479 661 1521 ergo
679 1461 742 1508 ibi
767 1461 886 1525 quod
903 1460 979 1506 hic
1004 1478 1051 1506 ex
1070 1461 1272 1525 partibus
1292 1460 1469 1522 singulis

84 1541 121 1575 et
149 1531 276 1577 rebus
292 1530 469 1592 singulis
491 1531 724 1578 invenitur.
746 1532 910 1578 Totum
935 1548 1036 1591 ergo
1055 1531 1119 1577 ibi
1138 1530 1285 1589 simul,
1312 1541 1354 1577 et
1380 1549 1467 1579 non

84 1602 168 1647 hoc.
208 1602 347 1649 solum
381 1602 502 1667 quod
540 1603 586 1649 in
625 1603 831 1649 creaturis
861 1620 872 1648 ε
899 1613 1041 1649 totum
1067 1602 1240 1649 invenio
1275 1603 1369 1661 ibi,
1393 1604 1465 1650 sed

83 1683 290 1738 tanquam
317 1674 363 1720 in
381 1673 584 1720 Creatore
600 1712 610 1731 ,
634 1685 756 1720 tanto
777 1673 980 1738 ampliu5‚
1001 1673 1121 1738 quod
1136 1674 1235 1721 haec
1250 1674 1458 1728 visibilia,

83 1743 152 1789 illa
178 1744 434 1798 invisibilia3
462 1745 561 1791 haec
593 1744 848 1810 temporalia
867 1782 877 1792 .
914 1744 987 1791 illa
1011 1755 1189 1801 aeoerna,
1216 1745 1315 1792 haec
1339 1763 1465 1794 com-

82 1814 311 1861 mutabilia
330 1853 341 1871 ,
367 1815 442 1861 illa
470 1815 872 1869 incommutabilia3
908 1815 1007 1861 haec
1024 1816 1354 1880 corruptibilia,
1382 1817 1454 1864 illa

82 1885 446 1949 incorruptibilia.
478 1887 702 1933 Postremo
737 1886 783 1932 in
812 1886 906 1951 ipso
926 1885 1105 1932 homine
1134 1904 1180 1932 ea
1212 1904 1313 1951 quae
1335 1887 1460 1933 inve-

82 1956 225 2001 nimus
260 1955 395 2001 homo
421 1967 463 2001 et
497 1956 658 2014 homo,
686 1956 774 2003 duo
797 1956 995 2003 homines
1019 1967 1120 2003 sunt
1147 1975 1158 2002 ε
1185 1957 1250 2004 ibi
1272 1958 1402 2005 Pater
1421 1970 1463 2006 et

84 2026 216 2072 Filius
237 2043 348 2072 unus
371 2027 503 2075 Deus,

147 2097 247 2144 XV.
276 2097 464 2143 Domino
496 2099 586 2144 Deo
623 2109 770 2144 nostro
807 2099 964 2159 gratias
1006 2118 1085 2161 ago
1121 2099 1459 2160 inenarrabiles,

82 2169 200 2234 quod
223 2186 269 2214 ex
293 2169 380 2214 hoc
401 2168 498 2215 loco
516 2169 890 2234 scrupulosissimo
907 2182 948 2216 et
971 2171 1307 2218 laboriosissimo
1337 2171 1459 2220 infir-

81 2241 275 2286 mitatem
309 2257 449 2285 meam
477 2239 662 2286 liberare
699 2241 902 2300 dignatus
924 2253 1012 2299 est,
1042 2243 1294 2307 petentibus
1313 2243 1452 2291 vobis.

83 2312 194 2356 Ante
218 2311 360 2356 omnia
396 2321 541 2357 tamen
576 2322 738 2357 servate
775 2311 891 2370 hoc,
921 2312 1139 2377 quidquid
1177 2312 1231 2360 de
1266 2325 1461 2361 creatura

80 2382 302 2446 potuimus
328 2381 553 2442 colligere,
585 2393 659 2428 aut
687 2400 809 2429 sensu
843 2384 1038 2449 corporis
1055 2423 1065 2441 ‚
1095 2395 1169 2431 aut
1201 2383 1460 2445 cogitatione,-

82 2453 240 2506 animi,
283 2453 628 2500 inenarrabiliter
652 2455 953 2501 transcendere
989 2455 1252 2502 Creatorem.
1287 2456 1370 2501 Sed
1396 2458 1458 2515 vis

81 2523 201 2569 illum
221 2535 361 2570 mente
378 2525 650 2586 contingere?
667 2526 810 2586 Purga
827 2537 1033 2582 mentem,
1055 2543 1195 2591 purga
1215 2543 1291 2573 cor
1305 2538 1446 2576 tuum.

82 2595 297 2641 Mundum
315 2595 383 2642 fac
417 2595 619 2653 oculum,
661 2595 776 2643 unde
811 2597 920 2644 illud
955 2596 1174 2666 quidquid
1193 2608 1282 2655 est,
1321 2599 1457 2666 possit
