1866 3241
385 253 476 299 388
803 269 835 297 s.
880 267 1120 298 Ancusrtm
1155 269 1357 298 Episcoei

383 356 404 376 »
433 333 579 397 prium
619 342 772 396 peccat
799 348 811 376 t
843 353 864 373 »
904 342 952 377 ut
983 331 1198 385 videatur,
1229 342 1279 377 ut
1312 331 1416 386 dixi,
1447 332 1677 396 Apostolus
1703 332 1748 379 in

384 413 552 449 tantum
588 418 835 462 exaggerare
862 401 1043 447 voluisse
1066 401 1358 447 fornicationis
1390 401 1581 458 malum,
1628 414 1675 449 ut
1705 403 1750 450 in

382 472 705 536 comparatione
734 471 866 531 hujus
893 471 1189 516 fornicationis
1210 508 1220 527 ‚
1249 482 1404 517 caetera
1438 482 1558 518 extra
1590 489 1750 536 corpus

380 542 588 589 habenda
637 559 722 588 esse
759 542 925 587 duxerit
964 558 1251 605 quaecmnque
1290 553 1493 605 peccata3
1534 542 1622 588 solo
1666 543 1750 589 hoc

382 612 687 659 tantummodo
707 611 1001 658 fornicationis
1021 611 1133 656 malo
1159 612 1202 657 in
1225 629 1383 674 eorpus
1405 613 1633 676 proprium
1652 631 1751 677 pec-

380 684 469 730 cari
495 683 674 739 dixerit,
707 682 809 745 quia
834 685 994 741 majore
1017 680 1212 727 lihidinis
1243 681 1393 727 ardore
1413 719 1423 736 ‚
1450 699 1536 745 quo
1561 684 1752 746 superior

379 753 524 799 nullus
537 763 615 809 est,
631 752 832 815 voluptas
855 751 989 814 ipsius
1002 751 1193 814 corporis
1207 761 1320 796 tenet
1336 768 1522 807 servum,
1540 752 1753 814 efficitque

381 824 619 887 captivum.

451 895 533 938 ltl.
564 894 671 938 ltaec
688 892 802 938 dicta
821 892 903 937 sint
925 891 977 936 de
995 891 1171 954 speciali
1197 891 1478 937 fornicatione
1499 891 1629 952 liujus
1653 910 1753 938 cor-

383 964 514 1027 poris,
545 963 702 1008 Verum
724 963 823 1025 quia
845 980 931 1007 non
953 961 1089 1007 solum
1112 962 1339 1007 fornicatio
1358 962 1402 1007 in
1424 963 1552 1007 sacris
1588 966 1596 1007 l
1620 963 1754 1009 itteris

384 1032 643 1096 specialiter,
676 1032 745 1077 sed
778 1033 905 1076 etiam
927 1031 1178 1091 generaliter
1198 1033 1392 1092 arguitur
1410 1043 1452 1077 et
1476 1033 1752 1086 nominatum
1814 1065 1817 1084 ;

385 1121 615 1159 conemur,
646 1104 735 1147 Deo
775 1102 1027 1162 adjuvante,
1062 1113 1103 1147 et
1140 1103 1245 1148 hinc
1281 1102 1444 1165 aliquid
1469 1104 1756 1167 probabiliter

387 1174 541 1221 dicere.
571 1174 789 1220 Generalis
817 1174 948 1233 igitur
976 1174 1203 1218 fornicatio
1227 1184 1371 1236 aperte
1395 1174 1689 1220 manifestatur
1711 1175 1755 1219 in

385 1245 582 1301 Psalmo,
619 1245 696 1290 ubi
721 1244 882 1289 dicitur
905 1261 915 1288 z
946 1265 965 1285 «
992 1243 1210 1299 Quoniam
1239 1260 1338 1288 ecce
1368 1244 1442 1306 qui
1466 1243 1590 1303 longe
1618 1262 1659 1289 se
1687 1244 1756 1289 fa-

387 1336 409 1357 »
435 1315 558 1360 ciunt
584 1333 606 1360 a
631 1326 689 1369 te,
718 1314 955 1377 peribunt3
978 1313 1203 1376 perdidisti
1229 1331 1397 1359 omnem
1423 1315 1496 1377 qui
1521 1315 1758 1360 fornicatur

388 1407 410 1428 »
434 1385 510 1431 abs
530 1396 583 1432 te.
616 1407 635 1426 ›>
661 1385 747 1430 Lbi
772 1385 1099 1447 subsequenter,
1123 1383 1309 1446 qualiter
1326 1385 1403 1430 ista
1430 1384 1634 1443 generalis
1664 1384 1756 1429 for-

389 1456 548 1501 nicatio
571 1454 695 1501 evadi
725 1465 767 1499 et
809 1456 934 1514 effugi
966 1454 1100 1518 possit
1121 1491 1130 1509 ,
1168 1454 1361 1513 adjtmxit
1382 1454 1527 1499 dicens
1556 1472 1566 1499 :
1598 1476 1616 1494 «
1645 1454 1758 1500 Mitti

390 1547 411 1566 »
433 1535 573 1570 autem
608 1524 829 1569 adhrererc
865 1525 955 1568 Deo
985 1524 1149 1568 honum
1174 1534 1234 1567 est
1255 1522 1287 1569 4.
1319 1545 1339 1564 »
1371 1524 1428 1568 Ut
1456 1524 1603 1569 exinde
1634 1523 1757 1570 facile

390 1594 661 1640 advertamus
697 1593 815 1638 illam
844 1610 928 1638 esse
961 1592 1194 1652 generalem
1247 1593 1573 1639 fornicationem
1603 1595 1757 1639 animai

390 1664 621 1719 humanae,
667 1680 751 1725 qua
792 1680 879 1707 non
913 1662 1137 1707 adliaerens
1181 1662 1362 1725 quisque
1398 1664 1521 1719 Deo,
1564 1663 1753 1710 adliffn‘et

390 1734 571 1779 mundo.
603 1733 727 1778 Unde
758 1732 910 1777 beatus
930 1731 1145 1794 apostolus
1186 1734 1372 1777 Joannes
1392 1732 1500 1779 dicit
1526 1751 1535 1778 :
1558 1755 1577 1774 «
1600 1735 1641 1779 Si
1664 1736 1759 1797 quis
1806 1756 1808 1764 ,

395 1826 415 1847 >³
442 1803 633 1850 dilexerit
656 1802 890 1855 mundum,
919 1801 1094 1846 dileetio
1121 1802 1256 1847 l'atris
1281 1819 1367 1847 non
1391 1813 1451 1847 est
1475 1804 1519 1848 in
1543 1804 1635 1849 002.
1665 1825 1684 1845 »
1707 1806 1760 1849 tit

396 1873 616 1937 apostolus
639 1872 830 1917 «lacobus
853 1871 960 1916 dicit
982 1889 991 1915 ε
1019 1893 1037 1911 α
1067 1871 1261 1917 Adulteri
1279 1910 1290 1924 ,
1322 1873 1493 1918 nescitis
1519 1875 1619 1936 quia
1653 1875 1759 1920 ami-

392 1966 414 1986 »
437 1944 537 1989 citia
562 1943 693 2001 hujus
725 1941 873 1985 mundi
910 1941 1082 1986 inimica
1115 1952 1176 1986 est
1210 1942 1360 1987 Deoss?
1392 1964 1411 1983 »
1445 1944 1636 1989 Breviter
1660 1962 1759 2004 ergo

393 2013 618 2058 delinitum
644 2020 733 2065 est,
771 2027 855 2054 non
880 2027 1002 2072 posse.
1034 2010 1190 2054 habere
1226 2010 1497 2056 dilectionem
1540 2013 1615 2057 Dei
1637 2051 1646 2066 ,
1686 2014 1760 2076 qni

394 2081 598 2128 habuerit
621 2080 892 2125 dilectionem
924 2079 1073 2124 mundi
1091 2099 1102 2132 ;
1123 2090 1163 2124 et
1187 2080 1414 2126 inimicum
1443 2098 1528 2126 esse
1550 2083 1630 2127 Dei
1648 2120 1658 2137 ‚
1687 2084 1762 2146 qni

397 2152 559 2198 amicus
584 2167 669 2195 esse
689 2149 873 2195 volucrit
899 2148 1064 2194 mundi.
1094 2148 1158 2193 Ad
1182 2149 1266 2195 hoc
1289 2151 1416 2195 etiam
1437 2151 1621 2213 pertinet
1644 2153 1761 2214 quod

395 2222 607 2267 Dominus
630 2221 674 2266 in
699 2219 931 2278 Evangelio
950 2219 1057 2263 dicit
1081 2236 1090 2262 :
1113 2240 1131 2258 α
1155 2220 1291 2264 Nemo
1322 2231 1461 2282 potest
1485 2221 1656 2267 duobus
1679 2222 1762 2267 do-

396 2313 418 2334 »
439 2291 564 2337 minis
581 2290 735 2335 servire
754 2309 765 2342 3
791 2299 865 2334 aut
888 2289 998 2333 enim
1023 2305 1155 2333 unum
1175 2289 1274 2334 odio
1291 2290 1491 2345 habebit,
1519 2301 1560 2335 et
1581 2291 1762 2338 alterum
1798 2327 1805 2350 s

395 2382 418 2404 ›>
441 2361 612 2419 dilig-015
646 2370 718 2405 aut
754 2375 888 2404 unum
920 2357 1134 2421 patietur,
1164 2369 1205 2403 et
1237 2359 1418 2404 alterum
1448 2370 1705 2409 contemnet.
1742 2383 1761 2404 »

399 2432 453 2475 Et
466 2429 690 2475 concludit
711 2447 757 2473 z«
774 2430 870 2475 Non
889 2429 1065 2492 potestis
1082 2429 1170 2474 Deo
1190 2429 1344 2475 servire
1357 2439 1399 2474 et
1416 2447 1673 2478 mammona-1
1687 2431 1719 2479 Δ,
1742 2453 1762 2473 »

445 2529 456 2549 ¹
480 2528 560 2560 Psat.
581 2537 683 2570 mxxii,
701 2539 756 2568 27,
777 2529 831 2559 28.
848 2543 892 2551 —-
912 2525 928 2548 ²
948 2537 960 2557 1
978 2529 1131 2564 Joau.11,
1153 2528 1203 2558 15.
1224 2524 1294 2552 -3
1310 2528 1423 2561 Jacob.
1441 2538 1484 2566 ιν,
1504 2534 1536 2565 4.
1554 2547 1595 2553 -—
1615 2526 1629 2551 ⁴
1647 2529 1761 2563 Manli.

397 2596 441 2620 vx,
461 2589 514 2618 24.
