1866 3241
411 221 500 276 104
828 238 861 267 s.
906 236 1145 266 AUfiUS'stM
1180 236 1380 266 EPJSCOPI

405 301 583 347 'modum
617 302 829 365 pertineat
862 302 915 347 ad
963 303 1157 348 officium
1191 302 1398 365 pastoris,
1434 313 1602 364 opertos
1634 303 1770 349 fontes
1816 333 1819 343 ·

407 371 589 432 aperire,
618 381 660 415 et
682 389 838 434 aquam
861 388 1036 435 puram,
1071 371 1306 427 innoxiam,
1344 370 1587 417 sitientibus
1617 372 1772 418 ovibus
1817 416 1819 422 ⁴

405 450 662 488 ministrare.

469 509 593 556 VIII.
624 510 722 555 Noli
760 527 859 569 ergo
881 510 1017 567 vinci,
1052 509 1228 573 quando
1259 527 1440 574 pugnas.
1471 511 1621 556 Videte
1648 511 1772 574 quale
1819 547 1821 559 .

405 578 573 624 bellum
588 581 834 643 proposuit,
857 580 1028 642 qualem
1042 597 1254 643 pugnam,
1276 579 1447 642 qualem
1466 581 1622 635 rixam,
1639 581 1770 637 intus,

405 648 521 694 intra
551 650 754 713 teipsum
769 687 780 705 ,
809 671 830 692 «
854 650 966 695 Caro
989 650 1263 713 concupiscit
1289 649 1488 697 adversus
1511 649 1726 713 spiritum.
1753 672 1774 693 »

406 719 454 763 Si
473 736 561 765 non
580 720 853 783 concupiscit
868 730 908 765 et
929 721 1106 783 spiritus
1129 719 1332 766 adversus
1349 737 1540 775 carnem,
1562 719 1630 765 fac
1653 720 1774 766 adul-

406 788 578 835 terium.
606 789 652 834 Si
675 800 817 834 autem
842 790 1020 853 spiritus
1043 789 1315 853 concupiscit
1351 789 1551 836 adversus
1573 805 1745 835 carnem
1759 827 1770 847 ,

403 857 570 904 luctam
594 858 736 915 video,
758 859 927 905 victum
949 877 1036 905 non
1052 860 1196 916 video,
1219 877 1367 922 pugna
1383 870 1458 907 est.
1483 881 1503 900 «
1526 859 1774 922 Concupis-
1833 891 1836 894 -

407 948 428 968 υ
449 928 510 973 cit
527 946 627 974 caro
645 929 847 976 adversus
865 930 1066 994 spiritum
1093 948 1104 975 ε
1136 952 1156 972 >>
1180 930 1363 975 delectat
1389 929 1663 975 adulterium.
1691 930 1721 973 F
1726 947 1775 974 a·

410 1007 500 1042 teor
535 999 637 1061 quia
670 999 869 1046 delectat.
901 1000 987 1045 Sed
1014 1022 1034 1042 «
1064 1000 1255 1064 Spiritus
1283 999 1554 1062 concupiscit
1577 998 1776 1045 adversus
1824 999 1836 1053 [⁷

408 1087 430 1109 >2
451 1085 625 1114 carnem
652 1087 663 1114 t
688 1070 872 1115 delectat
896 1081 938 1115 et
957 1071 1143 1117 castitas.
1171 1071 1284 1129 Ergo
1307 1070 1454 1115 vincat
1481 1069 1657 1132 spiritus
1678 1085 1776 1114 car·
1825 1082 1827 1106 ἓ

408 1155 509 1183 nem
531 1156 542 1183 ι
571 1149 645 1184 aut
665 1150 777 1185 certe
807 1157 896 1185 non
916 1141 1118 1186 vincatur
1135 1159 1158 1186 a
1182 1157 1325 1186 carne.
1364 1138 1637 1185 Adulterium
1657 1149 1778 1182 tene-
1826 1158 1828 1205 ξ

406 1207 510 1253 bras
530 1210 703 1271 quaerit,
733 1211 905 1256 castitas
934 1210 1076 1256 lucem
1099 1210 1332 1265 desiderat,
1363 1208 1595 1265 Quomodo
1613 1208 1679 1253 vis
1707 1208 1778 1251 iu·
1826 1241 1829 1257 2

408 1288 644 1332 notescere,
670 1280 731 1323 sic
750 1280 846 1324 vive
867 1298 877 1322 ε
905 1280 1126 1340 quomodo
1145 1280 1209 1326 vis
1227 1279 1481 1326 hominibus
1496 1278 1774 1333 innotescere,
1828 1308 1829 1337 3

407 1347 539 1393 etiam
574 1358 732 1411 praeter
759 1347 906 1393 oculos
935 1347 1165 1393 hominum
1199 1349 1260 1392 sic
1299 1349 1423 1400 vive3
1462 1346 1668 1410 quoniam
1705 1347 1780 1409 qui
1828 1347 1844 1386 ¹?

408 1416 512 1461 fecit
541 1427 600 1473 te,
637 1428 679 1462 et
700 1417 745 1462 in
769 1417 957 1462 tenebris
981 1417 1100 1463 videt
1122 1427 1178 1462 te.
1211 1416 1354 1472 Quare
1377 1415 1580 1461 laudatur
1610 1416 1780 1461 castitas
1829 1431 1831 1487 ἑ

409 1485 588 1548 publice
627 1487 683 1532 ab
719 1487 955 1532 omnibus?
997 1487 1141 1543 Quare
1183 1503 1269 1530 non
1302 1485 1483 1530 laudant
1520 1484 1780 1530 adulterium
1830 1503 1847 1532 w

408 1573 489 1601 nec
513 1556 727 1602 adulteri?
755 1578 774 1597 «
796 1557 885 1612 Qui
908 1574 1006 1616 ergo
1028 1556 1188 1619 quaerit
1209 1555 1452 1611 veritatem,
1475 1555 1593 1600 venit
1622 1554 1676 1600 ad
1706 1554 1780 1599 lu-
1830 1589 1832 1615 2

409 1646 431 1666 »
452 1642 546 1670 cem
565 1624 598 1672 1.
626 1646 648 1667 »
669 1625 754 1671 Sed
787 1625 972 1671 delectat
1006 1624 1282 1671 adulterium.
1317 1623 1654 1670 Contradicatur
1671 1660 1682 1680 ,
1708 1641 1780 1669 re—
1830 1635 1832 1641 ’

410 1696 602 1751 sistatur,
629 1706 907 1759 repugnetur.
940 1698 1038 1741 Non
1059 1696 1174 1741 enim
1198 1712 1285 1740 non
1308 1694 1444 1740 habes
1460 1695 1573 1740 unde
1596 1711 1774 1757 pugnes.
1831 1686 1833 1715 ³

411 1766 527 1810 Deus
552 1776 649 1811 tuus
672 1776 733 1810 est
771 1766 817 1810 in
844 1776 910 1819 te,
949 1766 1135 1829 Spiritus
1161 1765 1302 1810 bonus
1337 1764 1464 1809 datus
1497 1774 1559 1809 est
1594 1763 1689 1810 tibi.
1727 1764 1784 1808 Et

408 1846 553 1881 tamen
586 1835 855 1899 permittitur
885 1836 978 1898 ipsa
1008 1853 1108 1880 caro
1137 1834 1442 1896 concupiscere
1472 1833 1673 1879 adversus
1695 1833 1782 1895 spi·
1833 1851 1835 1854 ’

407 1905 560 1961 ritum,
586 1905 932 1964 suggestionibus
955 1905 1100 1967 pravis
1120 1915 1161 1948 et
1186 1902 1544 1947 delectationibus
1568 1902 1774 1961 genuinis.
1834 1913 1835 1922 ¹

412 1975 506 2019 Fiat
524 1974 642 2037 quod
665 1975 724 2019 ait
743 1974 976 2037 Apostolus
997 1992 1007 2018 :
1031 1995 1050 2015 «
1076 1975 1174 2018 Non
1199 1983 1345 2032 regnet
1369 1983 1599 2036 peccatum
1616 1973 1662 2017 in
1684 1989 1783 2018 ves-
1834 1987 1836 2003 ³

414 2065 435 2085 »
452 2054 519 2089 tro
539 2044 712 2089 mortali
731 2061 913 2107 corpore
926 2044 960 2090 2.
987 2064 1007 2085 ›>
1027 2042 1125 2089 Non
1142 2042 1272 2098 dixit,
1297 2043 1395 2087 Non
1414 2042 1481 2088 sit.
1505 2042 1530 2087 J
1535 2059 1604 2088 am
1619 2052 1681 2087 est
1698 2042 1776 2088 ibi.
1834 2044 1836 2060 '

411 2113 544 2168 Quod
568 2113 665 2158 ideo
697 2124 928 2176 peccatum
954 2123 1151 2168 vocatur,
1180 2112 1281 2175 quia
1300 2111 1452 2156 merito
1482 2111 1652 2175 peccati
1681 2129 1783 2157 con·
1835 2125 1837 2172 ᾗ

414 2183 523 2242 tigit.
562 2184 659 2228 Non
694 2183 810 2228 enim
832 2183 878 2228 in
900 2182 1101 2246 paradiso
1125 2199 1226 2226 caro
1249 2180 1588 2244 concupiscebat
1626 2181 1783 2227 adver-

409 2269 480 2297 sus
502 2251 721 2315 spiritum,
749 2263 824 2297 aut
841 2262 931 2296 erat
956 2251 1021 2297 ibi
1043 2251 1123 2296 ista
1143 2267 1308 2314 pugna,
1338 2250 1415 2295 ubi
1440 2267 1523 2313 pax
1548 2259 1638 2296 erat
1661 2249 1778 2295 sola:
1836 2246 1838 2286 ἶ

405 2321 479 2366 sed
500 2322 614 2367 facta
645 2321 1001 2380 transgressione,
1041 2330 1328 2384 posteaquam
1350 2319 1485 2365 homo
1518 2319 1658 2365 noluit
1691 2336 1782 2364 ser-
1837 2314 1866 2350 ἶ·

400 2391 495 2443 ,vire
518 2391 604 2436 Deo
622 2428 633 2447 ‚
665 2402 708 2436 et
731 2390 918 2437 donatus
943 2401 1006 2436 est
1029 2390 1132 2447 sibi,
1156 2400 1205 2436 ut
1221 2390 1359 2454 possit
1387 2389 1535 2435 saltem
1566 2388 1782 2453 possidere
1838 2399 1839 2403 ’

405 2478 473 2514 se3
505 2460 578 2505 sed
613 2461 669 2506 ab
696 2478 745 2506 eo
775 2477 991 2525 possessus
1012 2497 1023 2515 ,
1056 2479 1080 2506 a
1118 2477 1205 2524 quo
1247 2459 1481 2524 deceptus;
1521 2459 1660 2522 coepit
1682 2475 1782 2504 caro
1838 2512 1840 2521 .

457 2548 579 2585 *Joam
603 2558 733 2593 1119219
749 2564 794 2572 —-
810 2547 826 2571 2
844 2551 939 2585 Rom.
958 2559 1006 2590 v1,
1033 2557 1084 2581 12.
