1866 3241
423 326 513 374 :302
840 342 874 372 s.
919 341 1161 373 Auensrim
1196 343 1399 374 Erlscot‘l

428 430 448 450 »
471 409 516 454 111
545 409 654 455 vasis
685 406 892 453 fictilibus
909 405 954 452 1?
976 428 994 449 1)
1020 406 1141 462 Quid
1164 407 1247 452 tibi
1275 425 1373 467 ergo
1397 423 1498 453 011111
1518 424 1616 454 vase
1640 407 1788 455 fictili?

427 478 491 523 De
526 479 727 524 thesauro
758 476 922 539 aliquid
955 476 1144 539 loquere.
1172 476 1218 522 Si
1245 477 1409 540 aliquid
1437 477 1579 522 minus
1606 478 1788 536 habuit,

427 549 461 593 si
477 560 566 595 erat
582 548 700 612 quod
720 548 757 592 ei
775 547 829 592 ad
853 564 1004 592 aurum
1017 548 1196 606 justitiae
1215 558 1358 610 posset
1375 547 1494 604 addi,
1507 548 1786 597 inveniamus,

428 620 576 682 Ipsum
601 618 843 672 audiamus,
866 633 919 661 ne
939 617 1132 675 injuriosi
1152 617 1453 663 existimemur.
1485 638 1505 658 «
1526 619 1582 663 Et
1601 635 1654 664 ne
1672 635 1794 678 mag-

430 710 450 729 »
469 687 666 733 nitudine
701 686 1010 733 revelationum
1048 703 1269 743 mearum,
1305 686 1538 750 Apostolus
1570 687 1678 734 dicit
1705 706 1716 732 t
1745 690 1796 735 In

429 780 450 801 »
472 757 765 818 magnitudine
784 756 1091 802 revelationum
1107 774 1298 802 mearum
1307 757 1581 804 neextollar‘2.
1603 759 1797 822 »Nempe
1861 777 1863 805 1

430 828 504 874 1110
528 827 755 887 agnoscitis
776 826 1032 889 Apostolum
1052 827 1287 872 habentem
1309 827 1653 887 magnitudinem
1677 845 1798 876 reve-

428 899 655 956 lationum,
677 909 719 944 et
735 898 956 943 timentem
980 898 1173 944 elationis
1188 899 1406 962 praecipiti
1414 916 1499 945 um.
1526 899 1584 943 Ut
1603 916 1702 959 ergo
1718 916 1800 945 no-

431 971 555 1027 veris,
585 970 687 1033 quia
710 980 752 1014 et
778 970 868 1032 ipse
889 969 1136 1031 Apostolus,
1161 971 1237 1033 qui
1254 969 1429 1015 volebat
1458 970 1560 1015 alios
1581 970 1718 1017 salvos
1741 970 1801 1017 fa-

433 1059 552 1097 cere,
580 1041 729 1086 adhuc
763 1040 1000 1086 curabatur
1025 1059 1035 1086 ε
1066 1052 1114 1086 ut
1134 1041 1305 1087 noveris
1338 1041 1440 1104 quia
1469 1051 1510 1086 et
1537 1041 1628 1104 ipse
1658 1040 1802 1088 adhuc
1834 1041 1836 1052 ¹

431 1111 667 1156 curabatur
694 1129 704 1155 ε
737 1111 770 1155 si
796 1111 1097 1174 magnipendis
1135 1111 1269 1175 ipsius
1309 1111 1537 1167 honorem,
1571 1111 1675 1157 audi
1699 1110 1804 1174 quid

435 1180 626 1226 medicus
644 1181 682 1226 ei
706 1180 955 1244 apposuerit
979 1181 1033 1226 ad
1058 1191 1271 1226 tumorem
1293 1199 1304 1227 :
1328 1182 1429 1227 audi
1447 1199 1637 1237 nonme,
1659 1181 1804 1245 ipsum

435 1250 549 1297 audi.
573 1249 689 1296 Audi
706 1250 999 1306 confitentem,
1022 1261 1070 1295 ut
1087 1252 1240 1296 sentias
1259 1251 1502 1297 docentem.
1533 1250 1648 1297 Audi
1673 1268 1682 1295 :
1707 1271 1727 1292 c<
1752 1251 1806 1296 Et

435 1343 456 1363 »
478 1338 528 1366 ne
554 1319 849 1380 magnitudine
877 1320 1185 1366 revelationum
1213 1338 1403 1366 mearum
1429 1320 1617 1367 extollar.
1652 1341 1674 1362 ))
1698 1322 1807 1365 Ecce

431 1391 523 1451 jam
545 1407 721 1454 possum
741 1389 883 1435 dicere
907 1390 1102 1453 apostolo
1121 1390 1257 1435 Paulo
1287 1408 1298 1434 :
1327 1391 1389 1435 Ne
1416 1390 1645 1447 extollaris,
1665 1399 1808 1435 sancte

438 1461 671 1525 Apostole'?
691 1462 759 1505 Tu
787 1478 838 1506 ne
857 1461 1068 1506 extollaris
1084 1499 1094 1517 ,
1124 1461 1270 1507 adhue
1295 1461 1536 1508 cavendum
1564 1464 1651 1507 est.D
1674 1462 1709 1505 T
1715 1477 1742 1505 u
1759 1476 1810 1506 ne

437 1531 648 1576 extollaris
663 1567 673 1586 ,
696 1530 842 1575 adhuc
865 1530 1104 1575 timendum
1129 1534 1217 1575 est?
1241 1532 1309 1574 Tu
1329 1547 1380 1574 ne
1404 1530 1642 1586 extollaris,
1666 1529 1811 1575 adhuc

440 1601 546 1646 huic
564 1599 809 1646 infirmitati
834 1598 1051 1644 medicina
1075 1598 1309 1661 quaerenda
1323 1602 1410 1644 est‘?

499 1670 574 1716 Vl.
596 1668 716 1725 Quid
733 1668 858 1724 mihi,
884 1668 1045 1730 inquit,
1074 1668 1182 1713 dieis
1205 1671 1276 1713 tu'?
1307 1669 1362 1712 Et
1378 1679 1427 1714 tu
1446 1668 1548 1713 audi
1574 1667 1681 1731 quid
1698 1668 1775 1714 sim
1798 1687 1809 1723 ;

441 1751 483 1786 et
494 1739 581 1785 noli
596 1738 731 1784 altum
747 1754 910 1800 sapere,
932 1737 1004 1782 sed
1017 1738 1133 1783 time.
1159 1737 1271 1782 Audi
1294 1738 1513 1800 quomodo
1528 1738 1669 1784 brevis
1680 1754 1814 1798 agnus

439 1808 704 1870 ingrediatur
718 1844 729 1863 ‚
756 1806 833 1851 ubi
854 1806 959 1851 aries
973 1807 1033 1851 sic
1056 1806 1339 1869 periclitatur.
1371 1829 1391 1849 ‹<
1409 1809 1473 1853 Ne
1494 1807 1810 1867 magnitudine,

443 1903 463 1922 »
483 1879 650 1942 inquit,
684 1876 995 1923 revelationum
1023 1894 1216 1922 mearum
1239 1877 1416 1923 extollar
1432 1915 1442 1933 ,
1476 1877 1602 1922 datus
1627 1888 1688 1922 est
1710 1876 1818 1923 mihi

439 1974 459 1993 »
480 1948 676 1996 stimulus
695 1946 835 1992 carnis
864 1964 989 2003 meae,
1013 1947 1187 2006 angelus
1205 1947 1395 2004 Satanae,
1420 1948 1495 2011 qui
1516 1965 1584 1992 me
1609 1946 1816 2010 colaphi·
1837 1974 1840 1986 ι

442 2041 461 2060 »
480 2031 545 2065 zet
559 2019 591 2065 3.
619 2040 639 2059 »
666 2016 849 2073 Qualem
876 2027 1089 2062 tumorem
1126 2017 1291 2073 timuit,
1334 2017 1411 2079 qni
1444 2016 1816 2062 mordacissimum

439 2090 659 2154 epithema
687 2087 868 2150 accepit.
909 2087 1006 2132 Jam
1031 2104 1130 2147 ergo
1159 2086 1290 2132 modo
1318 2087 1389 2133 die
1413 2087 1514 2150 quia
1534 2098 1654 2132 tanta
1683 2085 1816 2132 1111110

440 2171 529 2206 erat
544 2156 738 2218 justitia,
766 2166 931 2218 quanta
955 2167 1018 2202 est
1047 2157 1094 2201 111
1124 2155 1296 2215 Angelis
1329 2157 1500 2202 sanctis.
1534 2157 1601 2201 An
1632 2155 1741 2201 forte
1776 2165 1816 2200 et

441 2229 625 2290 Angelus
641 2237 812 2273 sanctus
824 2227 870 2272 in
895 2227 1025 2282 coelo,
1053 2244 1105 2271 ne
1129 2226 1380 2282 extollatur,
1409 2226 1572 2289 accipit
1592 2226 1813 2271 stimulum

441 2300 638 2361 angelum
664 2298 852 2352 Satanae,
878 2314 900 2342 a
917 2314 1004 2359 quo
1019 2296 1343 2359 colaphizetur?
1367 2297 1490 2342 Absit
1510 2297 1595 2342 1100
1619 2295 1671 2341 (10
1684 2312 1809 2341 sanc-

447 2373 496 2417 tis
514 2368 683 2429 Angelis
705 2366 928 2429 suspicari.
958 2367 1164 2411 Homines
1189 2383 1359 2422 sumus,
1389 2365 1616 2429 Apostolos
1647 2376 1811 2411 sanctos
1861 2380 1863 2396 ¹

445 2440 639 2487 homines
670 2452 976 2497 agnoscamus3
1011 2453 1112 2482 vasa
1138 2435 1294 2491 electa.
1319 2435 1392 2481 sed
1431 2436 1576 2480 adhuc
1619 2434 1808 2495 fragilia,
1862 2450 1863 2478 3

445 2511 590 2557 adhuc
608 2510 654 2554 in
677 2508 761 2553 hac
791 2523 924 2553 carne
943 2544 953 2563 ‚
985 2511 1305 2571 peregrinantes
1320 2543 1331 2562 ,
1352 2506 1549 2551 nondum
1569 2506 1615 2551 in
1651 2503 1815 2551 coelesti
1833 2534 1839 2568 3
1862 2524 1863 2548 z

445 2581 584 2645 patria
611 2579 946 2641 triumphantes.
991 2577 1105 2637 Ergo
1139 2576 1343 2640 quoniam
1378 2577 1616 2622 Dominum
1648 2585 1712 2622 ter
1741 2591 1813 2621 ro-

493 2674 502 2695 1
523 2683 539 2707 2
557 2671 631 2702 Cor.
649 2678 694 2708 xv,
716 2677 745 2710 7.
764 2681 808 2690 -
824 2664 840 2688 2
853 2665 902 2713 td.
919 2675 978 2706 xu,
996 2676 1026 2708 7.
1040 2664 1125 2699 Beda
1138 2670 1170 2697 et
1187 2665 1302 2712 Florus
1320 2664 1514 2714 ibidemm-
1530 2660 1545 2688 3
1567 2673 1584 2697 2
1610 2664 1685 2713 Cor.
1702 2674 1761 2711 xxx,
1780 2673 1811 2711 2.
