1866 3241
421 251 514 297 385
840 266 874 295 s.
918 264 1157 294 Accusrtm
1192 265 1393 296 EPISCOPI

418 354 439 374 »
458 334 651 386 nicatur,
678 331 722 375 in
746 345 904 392 corpus
932 328 1160 392 proprium
1183 333 1362 391 peccat?
1383 353 1402 372 2>
1427 331 1623 379 Primum
1643 370 1653 390 a
1683 334 1785 397 quja
1831 370 1833 375 .

415 398 462 443 in
490 413 669 460 corpore
689 395 772 440 isto
796 394 927 439 homo
952 393 1235 449 constitutus,
1261 394 1475 458 quidquid
1503 398 1592 444 5010
1617 408 1785 444 tamum
1830 421 1831 443 2

417 468 560 514 animo
576 464 736 530 poterit
752 464 896 526 inique
920 462 1224 525 concupiscere
1243 501 1253 516 ,
1289 463 1377 511 dici
1401 483 1491 512 non
1513 478 1654 530 potest
1670 479 1784 514 extra
1828 492 1830 510 t

415 554 572 601 corpus
600 536 686 581 hoc
719 533 941 580 hominem
967 532 1131 588 facere,
1161 549 1262 578 cum
1295 546 1459 584 constet
1495 554 1592 582 eum
1624 537 1785 583 carnali
1828 540 1829 583 j

414 625 538 654 sensu
557 618 597 652 et
612 604 774 652 carnali
798 602 1030 666 prudentia
1053 602 1140 648 hoc
1166 620 1303 662 agere,
1326 605 1408 650 isto
1423 606 1569 659 adhuc
1592 608 1784 653 circum-

413 689 584 742 septum
610 691 803 739 corpore.
848 674 957 718 Nam
983 683 1024 717 et
1049 671 1169 736 quod
1193 674 1237 718 in
1262 674 1433 725 Psalmo
1460 677 1779 740 scriptumest:
1826 700 1827 721 2

413 748 566 794 «Dixit
587 746 746 811 impius
769 744 813 790 in
837 742 966 789 corde
989 760 1089 788 suo:
1112 744 1207 789 Non
1225 755 1287 792 est
1312 746 1449 791 Deus1
1474 765 1484 792 ς
1504 769 1523 788 »
1541 747 1656 794 idem
1676 748 1717 793 h(
1733 766 1784 794 a,
1824 772 1826 777 ,

412 831 481 867 ’ωε
503 818 664 865 Paulus
697 814 915 880 apostolus
944 831 1029 859 non
1064 815 1208 878 potuit
1234 816 1382 879 utique
1407 835 1603 880 separare
1638 837 1661 864 a
1683 836 1784 865 cor-

414 888 551 955 porali
577 905 726 952 opere,
754 885 827 931 illo
845 884 940 930 loco
964 884 1040 930 ubi
1064 884 1154 930 ait:
1177 906 1196 925 α
1233 885 1394 932 Omnes
1420 888 1655 934 astabimus
1688 900 1784 935 ante

412 983 433 1004 ›>
453 957 648 1007 tribunal
673 955 835 1002 Christi
855 992 866 1011 ,
887 965 934 1000 ut
960 954 1143 1017 recipiat
1167 957 1458 1019 unusquisque
1477 958 1711 1009 secundum
1736 977 1783 1005 ea

411 1053 431 1073 »
453 1047 552 1094 quae
583 1045 662 1092 per
693 1042 851 1089 corpus
884 1024 1036 1083 gessit,
1076 1024 1162 1070 sive
1193 1025 1383 1081 bonum,
1419 1027 1505 1073 sive
1537 1027 1742 1075 malum2.
1763 1050 1784 1070 »
1813 1079 1815 1090 Ι

410 1100 524 1157 Quia
546 1096 746 1144 videlicet
768 1094 938 1140 nonnisi
959 1094 1005 1139 in
1029 1111 1209 1157 corpore
1233 1096 1501 1142 constitutus
1514 1097 1674 1160 impius
1695 1115 1782 1162 po·-

412 1169 493 1216 tuit
524 1168 665 1214 dicere
695 1184 704 1211 :
735 1165 876 1211 «Non
907 1173 968 1209 est
1003 1165 1132 1210 Deus.
1160 1186 1180 1206 »
1202 1165 1261 1209 Ut
1295 1175 1459 1211 taceam
1484 1167 1602 1229 quod
1632 1167 1677 1212 in
1701 1167 1783 1214 alia

408 1237 601 1303 Epistola
630 1237 719 1301 ipse
756 1236 920 1280 Doctor
954 1234 1146 1294 gentium
1179 1234 1317 1279 dicit:
1347 1236 1611 1285 «Manifesta
1642 1248 1783 1284 autem

406 1331 428 1352 »
451 1319 549 1356 sunt
566 1325 698 1372 opera
716 1305 883 1356 carnis:
907 1326 927 1346 2>
951 1315 992 1350 ct
1015 1304 1235 1367 exequitur
1259 1322 1269 1349 ι
1292 1325 1313 1346 ε(
1332 1305 1443 1361 Quae
1469 1317 1567 1353 sunt
1590 1307 1783 1353 fornica-

407 1402 428 1422 »
446 1380 605 1435 tiones,
641 1374 961 1430 immunditiae,
998 1374 1203 1430 luxuriae,
1241 1375 1478 1431 veneficia,
1514 1376 1778 1433 inimicitiae,

407 1472 428 1492 »
452 1448 742 1496 contentiones
765 1482 776 1502 ,
816 1444 1111 1491 aemulationes
1129 1480 1139 1499 ,
1185 1443 1474 1489 animositates
1491 1481 1502 1500 ,
1552 1444 1783 1492 dissensio—

409 1542 430 1563 »
452 1537 544 1576 nes,
577 1518 784 1571 haereses,
810 1514 1006 1570 invidiae,
1033 1513 1286 1569 ebrietates,
1313 1523 1356 1558 et
1378 1513 1447 1558 his
1463 1514 1640 1571 similia,
1683 1532 1781 1578 quae

406 1613 426 1634 >2
449 1588 644 1654 praedico
675 1585 823 1640 vobis,
856 1584 967 1630 sicut
1004 1582 1211 1646 praedixi,
1246 1581 1346 1646 quia
1379 1583 1455 1646 qui
1494 1584 1595 1635 talia
1622 1597 1777 1644 agunt,

405 1684 426 1703 -»
451 1675 629 1720 regnum
649 1657 725 1702 Dei
744 1672 829 1701 non
846 1652 1172 1718 possidebunt3.
1194 1674 1214 1694 »
1237 1653 1461 1716 Numquid
1480 1654 1593 1700 enim
1613 1672 1699 1701 non
1719 1656 1781 1702 vi·
1810 1659 1812 1661 ’
1857 1693 1863 1703 ,,

405 1731 530 1776 detur
554 1727 679 1774 nobis
713 1736 827 1770 extra
853 1740 1010 1786 eorpus
1035 1722 1128 1767 fieri
1155 1733 1310 1768 caetera
1336 1723 1409 1768 illa
1433 1740 1531 1786 quae
1553 1724 1616 1769 ibi
1645 1725 1775 1770 inter-
1808 1747 1810 1755 ι

403 1799 566 1865 posuit,
585 1795 897 1850 aemulationes,
921 1793 1227 1849 animositates,
1250 1792 1548 1850 dissensiones,
1575 1794 1776 1851 invidias,

403 1870 614 1915 haereses?
650 1877 858 1911 ettamen
897 1862 1102 1926 operibus
1143 1862 1283 1912 carnis
1317 1862 1397 1907 ista
1440 1862 1594 1926 tribuit
1619 1863 1780 1910 Doctor

405 1939 596 2000 gentium
622 1937 666 1982 in
690 1935 774 1980 fide
800 1945 842 1979 et
863 1933 1057 1979 veritate.
1087 1931 1207 1988 Quid
1229 1942 1291 1977 est
1312 1949 1410 1991 ergo
1437 1950 1447 1976 ε
1477 1954 1497 1973 «
1516 1933 1657 1978 Omne
1679 1951 1780 1997 pec-

406 2032 426 2051 »
452 2020 599 2055 catum
621 2004 928 2070 quodcumque
951 2001 1100 2047 fecerit
1126 2001 1259 2046 homo
1276 2038 1286 2054 ,
1323 2012 1437 2046 extra
1461 2018 1619 2064 corpus
1648 2006 1737 2049 est?
1757 2017 1800 2093 »Ι
1851 2014 1863 2057 21

404 2092 446 2125 et
464 2080 601 2124 unum
624 2072 926 2122 tantummodo
952 2071 1248 2117 fornicationis
1266 2082 1497 2134 peecatum
1521 2072 1747 2118 nominans
1761 2110 1772 2128 ,

405 2151 464 2196 ait
485 2168 496 2195 z
517 2170 536 2190 «
551 2147 638 2204 Qui
652 2156 795 2192 autem
814 2142 1067 2197 fornicatur,
1089 2141 1135 2186 in
1149 2158 1306 2204 corpus
1319 2141 1547 2204 proprium
1563 2146 1742 2204 peccat?
1755 2165 1776 2185 »
1802 2143 1803 2156 ³

469 2220 529 2265 ΙΙ.
573 2219 765 2280 Apparet
787 2214 916 2274 igitur
947 2211 1083 2257 cuivis
1106 2211 1232 2256 tardo
1265 2221 1306 2256 et
1329 2211 1538 2265 obtunso,
1572 2228 1701 2273 quam
1722 2213 1776 2258 sit

404 2292 482 2336 ista
506 2287 687 2352 quaestio
704 2283 915 2330 difficilis:
934 2298 1064 2344 quam
1086 2281 1298 2325 Dominus
1321 2280 1406 2342 pize
1426 2280 1656 2326 intentioni
1680 2298 1774 2326 nos-

404 2371 499 2414 trae,
523 2359 556 2403 si
580 2353 892 2419 aliquantulum
915 2351 1116 2410 dignatus
1138 2350 1268 2395 fuerit
1289 2349 1547 2394 dilucescere
1571 2360 1697 2412 atque
1710 2351 1794 2396 1·e-'

403 2429 564 2482 velare,
594 2425 830 2490 poterimus
856 2421 1018 2485 aliquid
1051 2419 1364 2467 rationabiliter
1399 2418 1552 2465 dicere.
1594 2419 1774 2466 Videtur

403 2500 517 2546 enim
541 2499 693 2543 beatus
715 2492 945 2558 Apostolus
961 2528 972 2548 ,
995 2491 1040 2536 in
1063 2508 1149 2554 quo
1167 2489 1426 2553 loquebatur
1453 2488 1676 2546 Christus,
1699 2501 1772 2536 aut

404 2583 649 2629 exaggerare
663 2564 843 2613 voluisse
858 2560 1151 2609 fornicationis
1167 2558 1331 2605 malum
1355 2575 1483 2622 super
1499 2568 1656 2605 caetera
1670 2575 1768 2605 om-
1787 2585 1790 2617 q

450 2661 463 2681 ι
489 2656 572 2694 Psal,
587 2665 660 2695 xm,
678 2666 708 2688 1.
727 2669 770 2682 --
788 2650 804 2674 2
819 2663 837 2683 2
856 2653 931 2685 Cor.
948 2661 980 2690 v,
1006 2661 1055 2682 10.
1079 2665 1121 2675 —-
1144 2646 1160 2673 ³
1179 2648 1286 2684 Galat.
1306 2658 1338 2690 v,
1358 2657 1476 2689 19-21.
