1866 3241
139 314 281 346 sERMO
316 313 494 354 ctxxix,
533 311 590 343 m:
623 310 781 343 VERBIS
816 310 970 343 Aposr.
1012 311 1168 345 JAcoB.
1210 315 1240 345 1.
1316 298 1409 346 523

35 381 133 447 pori
160 380 418 436 necessaria,
452 378 667 425 auferetur
697 379 753 424 ab
788 394 837 423 eo
871 377 992 441 quod
1016 378 1137 426 facit.
1177 381 1275 426 Non
1295 381 1407 427 enim

36 469 203 515 semper
224 451 545 497 ministraturus
562 460 625 495 est
641 448 812 496 sanctis.
846 447 932 493 Cui
949 448 1063 494 enim
1087 449 1318 507 ministrat,
1332 451 1415 496 nisi

36 522 305 569 ‘nfirmitatiP
327 522 399 567 cui
418 521 653 577 ministrat,
672 520 753 566 nisi
772 518 1057 565 mortalitati?
1076 520 1147 564 cui
1166 520 1406 578 ministrat,

35 665 241 728 ¹uptibile
269 664 358 710 hoc
385 663 578 709 induerit
607 662 1005 726 incorruptionem,
1039 672 1081 707 et
1113 662 1293 708 mortale
1324 663 1411 710 hoc

35 736 223 782 induerit
242 734 626 782 immortalitatem.
653 734 767 780 Cum
787 733 901 779 enim
920 732 1138 779 transierit
1151 732 1246 796 ipsa
1267 740 1410 779 neces-

35 807 149 863 Ἶ11115,
174 805 345 852 nullum
368 805 450 850 erit
478 805 764 851 ministerium
788 803 1065 851 necessitatis.
1094 802 1323 849 Auferetur
1341 803 1410 849 la-

45 894 130 933 ·or,
159 876 232 922 sed
256 875 464 922 reddetur
485 893 661 922 merces.
696 875 779 921 Cui
796 885 902 920 tunc
924 873 1244 920 ministrabitur
1264 874 1407 931 cibu5‚

36 947 111 993 ubi
132 946 265 992 esurit
283 949 440 991 nemo?
474 946 544 992 cui
569 957 716 1010 potus,
746 945 825 991 ubi
850 945 938 990 sitit
967 946 1126 990 nemo?
1162 943 1233 989 cui
1253 944 1410 1008 hospi-

35 1017 159 1073 tium,
186 1017 266 1062 ubi
290 1017 541 1080 peregrinus
564 1027 626 1062 est
648 1018 805 1062 nemo?
831 1015 1044 1060 Dominus
1062 1032 1161 1075 ergo
1181 1031 1280 1060 cum
1309 1015 1410 1061 Dis—

36 1087 187 1151 cipulis
210 1086 296 1132 suis
314 1124 324 1144 ,
352 1097 400 1132 ut
422 1098 565 1150 posset
590 1086 831 1133 mercedem
857 1085 990 1145 hujus
1023 1086 1164 1148 operis
1200 1085 1378 1131 reddere
1395 1123 1406 1142 ‚

35 1157 231 1217 ignatus
248 1167 311 1202 est
328 1157 531 1217 indigere.
564 1157 794 1203 Esuriebat
814 1166 857 1201 et
878 1156 969 1219 ipse
983 1193 994 1211 ,
1023 1166 1065 1201 et
1087 1155 1261 1201 sitiebat
1282 1173 1293 1201 ε
1321 1173 1409 1207 non

35 1248 50 1269 ³·
62 1228 133 1274 uia
149 1227 403 1287 cogebatur,
430 1227 503 1273 sed
528 1228 630 1291 quia
655 1227 935 1288 dignabatur.
968 1227 1140 1271 Bonum
1165 1226 1278 1276 enim
1299 1237 1407 1283 erat,

37 1309 82 1344 ut
104 1316 183 1362 per
207 1315 337 1362 quem
362 1298 477 1344 sacta
508 1309 609 1344 sunt
637 1298 784 1344 omnia
802 1335 813 1353 ,
849 1297 1027 1343 esuriret
1048 1315 1058 1342 ε
1083 1297 1144 1343 sic
1171 1297 1287 1342 enim
1310 1296 1409 1343 felix

30 1379 136 1414 .sset
154 1369 232 1432 qui
258 1379 467 1432 pasceret.
509 1370 566 1414 Et
588 1368 766 1432 quando
791 1366 1240 1431 Dominunrquisque
1260 1385 1410 1431 pasce-

29 1415 134 1495 bat,
169 1438 277 1502 quid
295 1438 461 1485 dabat?
488 1440 586 1503 quis
612 1439 779 1485 dabat?
812 1437 928 1484 unde
955 1437 1121 1484 dabat?
1151 1437 1224 1483 cui
1242 1437 1409 1489 dabat?

29 1496 150 1565 'Quid
167 1508 336 1559 dabat?
358 1510 521 1555 cibum
538 1510 645 1573 pani
668 1509 817 1555 dabat.
843 1508 953 1565 Quis
976 1508 1141 1554 dabat?
1162 1507 1240 1553 ule
1257 1508 1408 1571 utique

28 1549 33 1600 1

30 1577 181 1668 'laban
210 1580 286 1644 qui
299 1579 397 1644 plus
421 1581 618 1643 accipere
640 1580 829 1626 volebat.
856 1578 981 1624 Unde
1003 1577 1170 1629 dabat?
1189 1579 1407 1642 numquid

30 1648 81 1715 10
107 1653 214 1695 suo?
240 1650 360 1706 Quid
379 1651 495 1695 enim
516 1650 714 1696 habebat
730 1686 742 1706 ,
777 1649 898 1712 quod
921 1665 1009 1694 non
1040 1650 1297 1712 acceperat?
1323 1649 1408 1697 Cui

30 1717 190 1767 flabat?
215 1720 368 1766 Nonne
390 1721 455 1768 illi
473 1721 550 1785 qui
569 1730 788 1767 creaverat
809 1730 851 1766 et
870 1718 992 1783 quod
1009 1718 1256 1782 accipiebat
1272 1756 1284 1775 ‚
1320 1730 1362 1765 et
1385 1738 1409 1774 a

30 1773 114 1854 ¹{uo
138 1790 408 1854 accipiebat?
427 1792 637 1850 Magnum
660 1790 749 1836 hoc
766 1788 1070 1845 ministerium,
1098 1806 1306 1849 magnum
1323 1789 1410 1842 hoc

31 1838 155 1924 ¹ipus,
174 1876 382 1920 magnum
400 1860 580 1907 donum.
608 1861 666 1905 Et
681 1870 826 1905 tamen
846 1859 982 1904 Maria
1001 1858 1220 1904 meliorem
1240 1870 1409 1922 partem

31 1927 169 1991 'fleg-it,
187 1947 286 1994 quae
298 1948 387 1976 non
412 1930 629 1977 auferetur
649 1930 705 1976 ab
727 1947 790 1976 ea.
820 1929 925 1974 Pars
950 1945 1049 1988 ergo
1076 1928 1265 1974 Marthae
1285 1939 1409 1975 tran-

31 1962 80 2046 lzit
100 2019 110 2047 :
132 2001 222 2058 sed,
244 2012 293 2047 ut
315 2000 420 2057 dixi,
444 2018 607 2046 merces
626 2017 706 2064 pro
735 1999 811 2045 illa
836 1998 939 2045 data
956 2015 1044 2044 non
1070 1998 1240 2045 transit.

31 2042 34 2153 Ι
90 2071 141 2119 V.
182 2072 288 2117 Pars
309 2087 409 2118 vero
425 2071 575 2116 Mariae
603 2087 691 2116 non
710 2069 876 2115 transit.
908 2068 1061 2115 Videte
1080 2067 1304 2132 quomodo
1322 2086 1410 2116 non

32 2153 226 2190 Sra11seat.
262 2142 387 2188 Unde
425 2142 729 2188 delectabatur
775 2141 917 2186 Maria
953 2138 1130 2202 quando
1176 2138 1412 2186 audiebat?

32 2187 144 2270 l2uid
168 2212 500 2258 manducabat?
524 2213 632 2276 quid
652 2212 864 2258 bibebat?
887 2211 1016 2257 Scitis
1035 2209 1143 2274 quid
1163 2210 1410 2256 manduca-

32 2277 123 2339 wat,
152 2282 260 2346 quid
286 2282 497 2327 bibebat?
523 2283 674 2345 Ipsum
711 2282 949 2328 Dominum
978 2280 1308 2340 interrogemus,
1333 2281 1410 2344 qui

33 2353 155 2402 alem
203 2353 290 2398 suis
338 2363 565 2416 praeparat
608 2370 797 2399 mensam
823 2390 834 2409 ‚
886 2353 1030 2416 ipsum
1074 2352 1402 2411 interrogemus,

34 2423 201 2479 :Beati,
224 2422 388 2486 inquit,
410 2424 485 2488 qui
500 2423 694 2468 esuriunt
716 2434 758 2468 et
773 2423 926 2468 sitiunt
942 2422 1174 2482 justitiam,
1202 2422 1410 2485 quoniam

42 2516 48 2534 ι
66 2493 152 2558 ipsi
172 2493 532 2541 saturabuntur&
564 2516 583 2535 ›>
608 2494 671 2540 De
690 2495 772 2540 isto
794 2494 929 2548 fonte,
960 2493 1012 2538 de
1033 2493 1116 2539 isto
1138 2492 1294 2545 horreo
1309 2496 1409 2553 jus-

33 2563 130 2617 itiae
143 2574 292 2610 sancta
306 2564 444 2615 Maria
459 2564 607 2617 sedens
632 2563 687 2610 ad
705 2564 836 2630 pedes
857 2563 1051 2620 Domini,
1071 2562 1286 2630 quasdam
1304 2581 1405 2624 6511Ἴ

74 2652 87 2678 ¹
106 2651 225 2693 Matth.
248 2664 280 2698 v,
303 2654 337 2692 6.

30 1319 32 1340 l

63 594 114 640 isi
136 593 337 640 esurienti
359 610 409 638 ac
425 592 615 638 sitienti?
634 593 743 638 Haec
760 591 904 637 omnia
922 608 1008 636 non
1029 601 1172 646 erunt,
1187 608 1287 638 cum
1311 610 1412 638 cor-
1475 614 1479 618 ·
