1866 3241
413 330 506 392 476
830 349 864 378 s.
907 347 1149 381 AUGUSTINI
1183 348 1386 380 muscom

412 413 546 455 num?
571 410 731 456 Procul
748 411 885 458 dubio
912 412 1026 457 enim
1050 412 1125 475 qui
1141 430 1229 458 non
1260 415 1538 472 mentiretur,
1564 415 1599 461 si
1619 415 1781 463 diceret
1835 423 1837 427 ’

412 476 633 534 divinum,
664 497 750 526 non
773 481 860 527 sine
885 498 1012 527 causa
1040 482 1193 528 maluit
1225 482 1366 529 dicere
1397 483 1653 532 humanum.
1685 490 1781 532 Hoc

413 565 511 608 ergo
537 549 684 610 elegit,
716 569 795 614 per
817 551 935 614 quod
962 551 1164 597 Christus
1180 553 1226 598 in
1248 553 1461 598 mundum
1490 555 1621 601 venit.
1655 554 1782 601 Venit
1821 501 1837 630 ΙΙ

412 618 526 664 enim
565 638 643 683 per
667 621 784 684 quod
815 622 948 667 homo
977 632 1079 669 erat.
1129 622 1239 667 Nam
1270 640 1349 686 per
1376 623 1496 687 quod
1525 624 1640 670 Deus
1670 635 1776 682 erat,
1822 605 1866 696 ,ΙἨ

413 705 580 752 semper
614 690 689 736 hic
718 702 820 738 erat.
861 692 947 737 Ubi
982 693 1095 738 enim
1130 709 1217 738 non
1250 703 1312 738 est
1340 694 1479 747 Deus,
1517 694 1593 756 qui
1632 693 1738 740 dixit
1764 712 1777 739 ε
1815 677 1835 747 iil.
1862 708 1866 720 ‘

414 778 435 799 c<
466 758 641 805 Coelum
671 772 713 806 et
741 772 897 807 terram
932 779 1008 822 ego
1041 761 1263 825 impleor?
1289 783 1328 821 »¹
1352 763 1552 808 Christus
1582 774 1645 809 est
1669 774 1782 809 certe
1815 731 1818 824 Ι

411 826 545 873 virtus
568 840 608 873 et
631 831 837 892 sapientia
861 832 968 885 Dei;
990 831 1043 877 de
1066 848 1152 894 qua
1177 830 1338 877 dicitur
1361 849 1372 876 ε
1399 851 1420 874 t<
1438 831 1626 892 Attingit
1648 850 1672 878 a
1697 833 1781 878 fine

416 918 436 937 »
465 914 598 961 usque
620 899 675 944 ad
699 901 828 945 finem
845 900 1030 957 fortiter,
1054 912 1095 946 et
1118 901 1310 964 disponit
1339 902 1483 947 omnia
1501 902 1733 948 suaviter2.
1759 923 1780 944 »

416 967 529 1026 Ergo
551 968 596 1013 in
619 969 704 1015 hoc
727 971 891 1016 mundo
911 982 1018 1027 erat,
1040 982 1082 1016 et
1104 971 1292 1017 mundus
1302 965 1387 1035 ber
1408 988 1508 1017 eum
1526 971 1664 1018 factus
1693 982 1777 1028 est,
1815 982 1818 1030 Ι

415 1046 457 1080 et
483 1037 671 1083 mundus
694 1056 793 1085 eum
827 1058 916 1086 non
939 1041 1142 1100 cognovit
1158 1041 1192 1088 3.
1232 1042 1287 1086 Et
1309 1041 1384 1086 hic
1407 1052 1522 1098 erat,
1550 1052 1592 1086 et
1617 1042 1736 1088 venit
1766 1057 1778 1086 z
1815 1055 1849 1100 {w

414 1104 489 1150 hic
521 1117 612 1152 erat
638 1125 715 1170 per
747 1109 940 1155 divinam
973 1114 1262 1169 majestatem,
1291 1111 1409 1156 venit
1434 1127 1512 1173 per
1542 1110 1782 1156 humanam

414 1175 723 1225 infirmitatem.
744 1179 858 1234 Quia
876 1197 975 1240 ergo
991 1181 1108 1226 venit
1124 1198 1201 1243 per
1210 1181 1505 1225 infirmitatem
1522 1180 1778 1236 humanam,
1820 1218 1822 1222 ,
1839 1207 1846 1212 -

413 1244 510 1290 ideo
526 1246 770 1308 praedicans
785 1249 1019 1296 adventum
1037 1253 1144 1308 ejus,
1168 1250 1296 1295 dixit:
1312 1271 1331 1291 c<
1351 1251 1388 1294 H
1396 1266 1579 1295 umanus
1592 1267 1741 1295 sermo.
1761 1270 1782 1291 ³>
1814 1236 1817 1317 Ι

416 1314 515 1359 Non
534 1315 789 1363 liberaretur
805 1319 1048 1364 humanum
1074 1335 1224 1379 genus,
1257 1319 1338 1364 nisi
1363 1336 1500 1364 sermo
1527 1319 1608 1364 Dei
1626 1318 1783 1378 digna-
1814 1322 1818 1400 Ι

416 1394 533 1430 retur
551 1403 636 1431 esse
654 1387 884 1435 humanus.
911 1390 1022 1434 Nam
1045 1399 1087 1433 et
1111 1389 1244 1435 homo
1272 1388 1343 1434 ille
1360 1388 1523 1434 dicitur
1544 1389 1780 1444 humanus,
1814 1404 1846 1455 Ι.-

416 1454 491 1516 qui
509 1472 550 1499 se
574 1456 749 1502 exhibet
767 1458 1008 1514 hominem,
1026 1468 1068 1503 et
1089 1459 1270 1504 maxime
1289 1458 1366 1522 qui
1389 1457 1581 1521 hospitio
1601 1457 1785 1521 suscipit
1813 1468 1817 1522 Ι

417 1523 653 1573 hominem.
690 1526 735 1572 Si
755 1545 853 1587 ergo
878 1529 1096 1573 humanus
1112 1527 1273 1573 dieitur
1290 1528 1367 1591 qui
1383 1529 1429 1573 in
1447 1527 1577 1572 domo
1594 1544 1670 1572 sua
1689 1544 1783 1572 sus-
1813 1523 1816 1567 Ι

417 1592 525 1655 cipit
542 1595 780 1653 hominem,
808 1615 938 1660 quam
963 1597 1180 1642 humanus
1205 1608 1265 1641 est
1292 1597 1365 1659 qui
1386 1597 1432 1641 in
1457 1613 1498 1641 se
1519 1595 1615 1659 ipso
1637 1613 1784 1641 susce-
1813 1573 1817 1642 Ι
1840 1600 1841 1603 ’

417 1663 483 1724 pit
501 1664 748 1712 hominem?
1813 1644 1816 1717 Ι

482 1734 540 1778 11.
574 1735 687 1793 Ergo
716 1756 732 1774 «
754 1736 979 1780 Humanus
1019 1752 1154 1780 serino
1192 1745 1233 1779 et
1256 1735 1373 1779 omni
1402 1735 1653 1798 acceptione
1684 1735 1784 1794 dig·
1813 1720 1841 1812 Ι

421 1822 441 1842 >>
466 1819 568 1859 nuS‚
611 1805 711 1867 quia
733 1805 933 1850 Christus
955 1807 1077 1850 Jesus
1105 1806 1222 1850 venit
1246 1805 1291 1850 in
1310 1804 1523 1850 mundum
1542 1815 1786 1868 peccatores
1812 1813 1817 1876 Ι

421 1893 441 1912 ›>
465 1873 602 1918 salvos
620 1874 772 1922 facere.
802 1896 821 1916 >³
846 1875 1029 1920 Attende
1051 1874 1331 1934 Evangelium
1353 1892 1364 1918 ι
1388 1895 1408 1916 «
1429 1874 1556 1919 Venit
1576 1874 1689 1918 enim
1711 1875 1787 1919 Fi-
1812 1877 1816 1971 Ι
1839 1900 1845 1906 -

422 1962 442 1981 ›>
468 1941 550 1987 lius
580 1942 769 1989 hominis
801 1961 991 2007 quaerere
1023 1954 1065 1988 et
1091 1943 1250 1989 salvare
1281 1943 1400 2005 quod
1429 1942 1614 2007 perierat
1628 1942 1662 1988 4.
1697 1964 1716 1984 >2
1743 1942 1788 1988 Si
1812 1945 1851 2023 3³5

420 2010 553 2056 homo
564 2029 650 2058 non
667 2014 874 2076 periisset,
898 2014 1030 2059 Filius
1050 2013 1239 2058 bominis
1258 2030 1345 2057 non
1357 2012 1551 2058 venisset.
1577 2013 1689 2071 Ergo
1707 2029 1789 2075 pe-
1812 2027 1815 2081 Ι

421 2082 552 2126 rierat
573 2082 723 2139 homo,
749 2085 867 2130 veuit
902 2086 1017 2129 Deus
1052 2084 1203 2139 homo,
1241 2093 1283 2128 et
1315 2084 1515 2128 inventus
1548 2092 1610 2127 est
1635 2081 1781 2128 homo.
1811 2085 1814 2124 Ι
1840 2087 1866 2149 ΙΙΙ

424 2151 613 2196 Perierat
626 2153 758 2198 homo
781 2153 1050 2216 perliberam
1070 2153 1335 2199 voluntatem
1356 2170 1366 2196 :
1386 2152 1503 2198 venit
1526 2152 1637 2196 Deus
1656 2151 1789 2197 homo
1810 2129 1814 2227 Ι
1847 2158 1866 2188 m

423 2238 502 2283 per
524 2222 703 2280 gratiam
728 2222 1033 2268 liberatricem.
1066 2221 1235 2277 Quaeris
1266 2221 1373 2284 quid
1393 2221 1534 2267 Valeat
1551 2219 1605 2265 ad
1628 2220 1790 2266 malum

424 2289 609 2335 liberum
639 2292 899 2338 arbitrium?
932 2290 1091 2336 Recole
1113 2291 1334 2336 hominem
1354 2301 1620 2353 peccantem.
1652 2292 1791 2344 Quae-
1810 2311 1819 2341 p.
1838 2291 1864 2360 ΙΙΙ

425 2360 482 2405 ris
508 2360 616 2423 quid
632 2361 771 2406 valeat
797 2362 851 2407 ad
870 2362 1072 2407 auxilium
1094 2361 1209 2405 Deus
1233 2371 1275 2405 et
1297 2361 1457 2405 homo?
1487 2358 1658 2404 attende
1679 2359 1725 2404 in
1741 2375 1790 2404 eo
1809 2344 1815 2438 Ι
1840 2350 1865 2398 ἸΙΙ

425 2430 605 2489 gratiam
631 2430 900 2478 liberantem.
936 2433 1161 2494 Nusquam
1187 2431 1332 2494 potuit
1353 2430 1413 2474 sic
1433 2428 1624 2484 ostendi,
1647 2445 1791 2492 quan-
1810 2432 1866 2497 W

426 2509 519 2544 tum
541 2499 681 2545 valeat
711 2501 908 2547 voluntas
944 2501 1131 2546 hominis
1165 2509 1370 2562 usurpata
1410 2515 1488 2562 per
1510 2498 1757 2560 superbiam
1776 2533 1787 2552 ‚
1809 2505 1813 2565 Ι

1841 407 1854 443 ΙΙ
