1866 3241
0 2517 11 2543 Vl

615 325 970 361 ΑΝΝοΤΑΤιοικ-Εε.
1386 314 1478 381 569

104 395 243 457 Auget
269 411 370 442 vero
390 392 728 452 dubitationem,
753 411 853 441 cum
873 395 1038 442 ibidem
1061 407 1161 461 post
1188 395 1309 444 hunc
1332 395 1477 463 ipsum

104 468 354 513 Sermonem
365 466 556 530 proxime
575 466 772 527 adjungit
784 466 1085 530 subsequentis
1098 468 1332 525 Sermonis,
1346 487 1384 516 c.
1402 487 1474 526 111,

101 539 390 598 fragmentum
421 537 468 583 in
499 536 584 582 hae
609 536 766 593 verba,
794 541 914 583 Item
941 554 1004 583 ex
1032 538 1198 583 eodem
1231 542 1470 586 Sermone.

105 613 215 655 Non
241 620 424 654 tantum
455 612 525 653 ait
550 619 602 653 ut
626 625 721 653 non
748 611 1102 665 contristemini,
1135 618 1216 655 ete.
1249 608 1320 654 Sic
1343 609 1479 655 nimi-

105 696 199 725 rum
219 679 411 725 habetur
426 679 471 725 in
487 678 618 726 veteri
641 678 791 725 codice
810 678 1063 724 Corbeiensi
1082 697 1091 723 :
1108 679 1185 724 ubi
1201 696 1316 724 nunc
1338 690 1479 725 tamen

103 750 145 795 in
160 751 289 796 Bedae
302 750 429 796 editis
442 760 520 807 est,
538 754 657 795 Item
671 767 731 794 ex
745 752 891 795 Set-m.
912 766 966 805 11,
984 750 1044 795 cle
1067 751 1234 796 eadem
1263 750 1471 797 lectione.

104 826 212 868 Jon
235 832 417 868 tantum
443 826 512 867 ait
533 833 583 867 uc
605 839 698 867 non
723 825 1080 879 contristemini,
1108 831 1188 869 ete.

464 1008 721 1041 ANNOTATU)
759 994 826 1058 (o)
864 1011 964 1058 pag.
1008 997 1115 1059 [17⁶2.

174 1177 221 1221 In
257 1177 382 1224 MSS.
423 1176 704 1234 inscribitur,
743 1178 820 1223 De
850 1177 1117 1223 celebr-[cate
1153 1179 1483 1236 defunctorum

106 1258 249 1309 atque
282 1252 620 1293 resurrectione
653 1259 948 1293 morlamwn
969 1266 980 1292 :
1001 1249 1075 1311 qui
1099 1248 1251 1294 titulus
1286 1250 1485 1313 apprime

105 1319 307 1364 convenit
338 1336 438 1365 eum
471 1318 689 1365 Sermonis
722 1319 921 1373 exordi03
957 1319 1031 1364 sed
1063 1319 1150 1365 hoc
1183 1320 1396 1366 nescimus
1429 1339 1484 1366 an

105 1405 202 1434 vere
225 1390 279 1435 sit
310 1390 555 1450 Augustini.
590 1390 876 1454 Suspicamur
901 1389 1101 1435 additum
1126 1390 1181 1435 ab
1206 1390 1255 1436 iis
1286 1391 1363 1454 qui
1387 1392 1483 1437 Ser-

106 1477 276 1506 monem
296 1461 341 1506 in
362 1461 442 1507 ista
460 1461 708 1507 celebritate
731 1461 963 1522 legendum
983 1461 1277 1508 instituerunt.
1304 1462 1484 1526 Quippe

106 1530 138 1574 si
159 1547 245 1576 non
261 1531 373 1577 fallit
392 1531 541 1578 Florus
557 1532 603 1578 in
625 1532 717 1579 MS.
744 1531 1014 1588 Corbeiensi,
1034 1531 1165 1577 altera
1184 1550 1284 1595 pars
1302 1532 1486 1593 hujusce

108 1600 342 1659 Sermonis,
372 1620 503 1666 quam
532 1602 625 1666 ipse
653 1602 708 1648 ad
736 1619 749 1647 1
776 1602 927 1647 Thess.
959 1619 1003 1648 lv
1028 1602 1173 1658 refert,
1203 1614 1403 1668 excerpta
1425 1613 1487 1650 est

106 1689 152 1717 ex
179 1672 330 1718 eodem
355 1672 577 1728 Sermone,
606 1689 657 1718 ex
683 1689 770 1737 quo
800 1672 948 1718 Sermo
978 1672 1186 1738 superior.

467 1856 724 1888 ANNOTArlo
764 1839 832 1904 (7)
870 1856 968 1903 pag.
1013 1839 1120 1885 516.

172 2011 462 2060 Proscholum
491 2008 701 2057 Ausonius
724 2007 873 2071 Epigr.
906 2023 1038 2062 xxm,
1063 2007 1110 2052 in
1133 2006 1354 2054 Professor
1377 2009 1484 2054 sul)-

109 2087 348 2132 doctorem
369 2092 510 2130 vocat.
536 2081 620 2127 Sed
640 2090 730 2126 erat
753 2079 842 2135 ille,
865 2096 952 2124 non
975 2089 1064 2124 tam
1089 2077 1296 2125 docendis
1320 2081 1484 2143 pueris,

110 2173 242 2220 quam
260 2155 310 2201 iis
334 2153 389 2200 ad
411 2150 677 2198 auditorium
705 2148 1033 2196 introducendis
1055 2147 1307 2212 praefectus,
1334 2161 1384 2196 ut
1408 2152 1488 2197 sci-

110 2228 211 2274 lieet
237 2219 476 2289 co'mposite
506 2223 561 2269 ad
593 2221 847 2283 magistrum
882 2219 1150 2266 accederent.
1185 2219 1328 2265 Locus
1353 2221 1488 2285 ipsius

112 2309 210 2344 ante
240 2296 403 2353 velum,
435 2293 738 2359 proscholium
768 2291 1023 2339 vocabatur.
1065 2289 1186 2335 Vela
1217 2290 1400 2354 quippe,
1441 2303 1491 2339 ut

112 2369 221 2416 dicit
240 2367 506 2429 Augustinus
524 2365 570 2411 in
592 2364 671 2411 lib.
701 2381 732 2411 1.
769 2361 1036 2409 Confession.
1071 2377 1168 2424 cap.
1197 2377 1302 2418 xm,
1331 2379 1374 2409 n.
1410 2380 1483 2411 22.

112 2439 397 2488 Pendebanc
444 2436 687 2482 liminibus
728 2437 1157 2497 grammaticarum
1201 2432 1490 2480 scholarum.

113 2510 239 2556 Unde
262 2509 337 2554 hic
358 2507 642 2573 proscholum
659 2505 941 2566 grammatico
960 2519 1131 2568 pagano
1153 2501 1389 2550 christiana
1405 2504 1491 2549 fide

111 2590 391 2645 praestantem
411 2578 612 2635 laudanS,
639 2576 825 2636 Melior,
859 2575 936 2636 ait,
966 2572 1031 2621 acl
1057 2572 1236 2633 velam,
1262 2591 1410 2639 quam
1443 2578 1493 2622 in

114 2650 353 2701 cathedra.
