1866 3241
10 2590 13 2605 1

134 322 276 358 SERMO
312 321 501 366 CXXVIII,
539 319 594 354 DE
628 318 787 355 VERBIS
820 319 987 354 EvANG.
1027 323 1159 356 JOAN.
1199 324 1241 356 V.
1323 319 1409 372 109

33 398 129 436 tene
154 402 199 437 tu
219 391 413 436 membra
438 408 448 435 :
481 400 576 435 tene
601 400 649 435 tu
672 406 825 435 manus
855 389 911 434 ab
939 389 1058 434 omni
1091 389 1246 435 scelere
1281 407 1292 435 t
1319 400 1415 436 tene

35 470 83 506 tu
109 461 272 518 oculos,
305 478 358 506 ne
382 460 493 506 male
513 459 739 506 attendant
767 477 777 504 z
808 470 903 505 tene
924 476 1062 515 aures,
1088 475 1142 504 ne
1158 459 1291 505 verba
1308 459 1415 505 libi-

35 530 147 576 dinis
179 530 365 576 libenter
385 531 565 576 audiant
592 549 602 576 ε
628 541 722 575 tene
744 540 886 575 totum
919 545 1096 592 corPUS,
1134 539 1230 574 tene
1262 528 1412 585 latera,

34 610 131 646 tene
150 617 336 656 summa,
363 611 459 646 tene
479 601 579 647 ima.
606 599 727 656 Quid
744 599 848 645 facit
873 598 1044 644 libido?
1068 598 1250 658 Surgere
1273 599 1412 654 novit,

35 670 205 717 vincere
224 688 312 716 non
331 671 468 718 novit.
504 669 728 730 Surgendo
756 668 923 714 assidue
944 669 1032 714 sine
1056 685 1202 726 causa,
1230 668 1358 714 discit
1375 678 1418 713 et

35 757 122 786 non
147 758 332 801 surgere.

100 812 226 858 XIII.
273 811 517 857 Redeamus
553 828 652 871 ergo
703 811 755 856 ad
794 810 927 858 verba
949 846 959 865 ‚
1005 826 1105 872 quae
1137 809 1323 855 obscura
1363 807 1417 852 de

37 881 245 945 Apostolo
284 897 626 945 proposueram,
666 892 708 926 et
742 881 874 944 plana
902 883 994 939 jam
1037 896 1125 925 esse
1149 879 1411 925 videbimus.

37 952 132 998 Hoc
152 952 267 997 enim
289 968 621 1015 proposueram,
637 951 756 1014 quod
774 968 861 996 non
878 950 986 995 dixit
1003 949 1250 1012 Apostolus.
1267 970 1286 990 «
1306 948 1414 1012 Spi-

39 1044 60 1065 »
73 1023 159 1068 ritu
172 1022 408 1078 ambulate,
427 1032 469 1066 et
488 1022 862 1085 concupiscentias
879 1021 1020 1066 carnis
1036 1037 1088 1065 ne
1104 1019 1344 1065 habueritis
1367 1037 1377 1063 ε
1397 1040 1417 1059 »

38 1094 139 1156 quia
161 1109 326 1139 necesse
341 1102 404 1137 est
427 1103 476 1138 ut
495 1092 735 1138 habeamus
759 1092 866 1138 illas.
888 1092 1034 1147 Quare
1052 1108 1151 1150 ergo
1169 1107 1255 1135 non
1273 1089 1380 1135 dixit
1400 1107 1410 1134 ε

40 1163 425 1226 Concupiscentias
447 1163 588 1208 carnis
619 1180 672 1208 ne
706 1162 923 1208 feceritis?
960 1161 1074 1218 Quia
1102 1161 1285 1206 facimus
1322 1176 1414 1213 eas;

39 1233 387 1296 concupiscimus
421 1233 550 1279 enim.
598 1234 750 1296 Ipsum
786 1232 1124 1295 concupiscere,
1162 1230 1301 1276 facere
1335 1240 1412 1276 est.

41 1302 125 1347 Sed
162 1303 221 1346 ait
252 1301 484 1364 Apostolus
524 1319 535 1347 ε
565 1323 586 1343 α
611 1303 709 1348 Jam
746 1320 834 1347 non
873 1319 950 1359 ego
986 1317 1142 1362 operor
1176 1298 1311 1355 illud,
1346 1298 1419 1343 sed

40 1393 61 1414 »
85 1371 203 1435 quod
223 1371 396 1416 habitat
427 1372 472 1415 in
502 1389 570 1415 me
592 1382 826 1433 peccatum
850 1369 884 1416 ⁴¹.
914 1390 934 1411 »
959 1370 1074 1429 Ergo
1105 1368 1212 1432 quid
1240 1368 1319 1413 tibi
1342 1385 1419 1413 ca-

37 1441 229 1489 vendum
266 1443 358 1485 est?
397 1439 494 1484 Hoc
527 1440 617 1484 sine
651 1439 814 1496 dubio,
864 1456 916 1484 ne
957 1439 1171 1501 perficias.
1222 1438 1420 1483 Surrexit

38 1512 177 1558 libido
212 1509 502 1566 damnabilis,
542 1509 750 1566 surrexit,
796 1509 1000 1568 suggessit
1030 1526 1040 1553 :
1073 1525 1163 1554 non
1200 1508 1414 1554 audiatur.

41 1581 202 1638 Ardet,
238 1598 327 1627 non
353 1597 394 1625 se
421 1581 687 1643 compescit,
722 1590 763 1625 et
793 1579 922 1625 velles
947 1589 996 1624 ut
1019 1597 1107 1624 non
1140 1578 1321 1625 arderet.
1364 1582 1421 1623 Et

39 1652 117 1698 ubi
127 1662 206 1708 est,
220 1651 316 1696 «Ut
332 1668 420 1696 non
434 1667 482 1696 ea
501 1667 600 1713 quae
620 1649 766 1706 vultis,
789 1649 988 1695 faciatis?
1005 1670 1027 1692 ›>
1050 1649 1149 1695 Noli
1164 1649 1267 1694 dare
1284 1665 1417 1694 mem-

40 1723 134 1770 bra.
168 1721 327 1768 Ardeat
352 1721 441 1767 sine
465 1737 612 1776 causa,
641 1731 683 1766 et
706 1720 922 1765 consumit
954 1737 1010 1766 se.
1046 1721 1097 1764 In
1116 1730 1158 1764 te
1182 1736 1281 1778 ergo
1307 1719 1421 1763 fiunt

41 1794 148 1857 ipsae
169 1792 550 1856 concupiscentiae.
584 1791 825 1837 Fatendum
864 1801 953 1847 est,
992 1792 1118 1837 fiunt.
1148 1790 1252 1835 Ideo
1288 1789 1420 1845 dixit,

42 1885 63 1905 «
86 1865 148 1908 Ne
175 1862 451 1926 perfeceritis.
480 1883 501 1903 »
532 1861 617 1907 Sed
646 1879 735 1907 non
755 1861 1054 1924 perficiantur.
1086 1860 1325 1906 Decrevisti
1352 1859 1423 1904 fa-

13 1961 17 1964 <
43 1951 154 1990 cere,
178 1932 411 1997 perfecisti.
439 1931 663 1977 Perfecisti
683 1932 859 1989 etenim,
884 1932 919 1976 si
942 1931 1148 1976 decernas
1175 1929 1427 1975 faciendum

43 2021 130 2049 esse
151 2002 431 2057 adulterium,
457 2011 499 2046 et
516 2001 613 2047 ideo
627 2019 716 2046 non
733 2000 886 2058 facias,
909 2002 1011 2065 quia
1031 2001 1151 2046 locus
1170 2017 1261 2045 non
1277 2010 1340 2045 est
1361 2000 1426 2045 in-

43 2085 224 2129 ventus,
270 2072 372 2136 quia
416 2071 722 2135 opportunitas
759 2089 847 2116 non
885 2071 1031 2128 datur,
1069 2071 1171 2134 quia
1206 2070 1315 2115 forte
1353 2069 1427 2115 illa

45 2154 161 2190 casta
191 2153 277 2199 est,
307 2142 360 2188 de
385 2158 473 2204 qua
494 2140 654 2187 videris
679 2158 766 2186 esse
789 2152 1031 2186 commotus
1067 2159 1078 2185 z
1114 2158 1213 2185 6666
1232 2144 1324 2199 jam
1353 2140 1426 2186 illa

47 2225 160 2260 casta
191 2223 270 2270 est,
296 2223 339 2258 et
372 2223 421 2257 tu
453 2210 622 2256 adulter
642 2228 698 2257 es.
732 2211 909 2267 Quare?
937 2211 1052 2267 Quia
1077 2210 1294 2273 perfecisti
1318 2226 1427 2255 con-

48 2283 347 2348 cupiscentias.
378 2281 499 2338 Quid
534 2292 613 2337 est,
637 2281 884 2344 perfecisti?
906 2281 960 2327 In
990 2281 1133 2326 animo
1162 2290 1237 2324 tuo
1262 2279 1428 2325 facien-

49 2355 153 2400 dum
181 2370 267 2399 esse
288 2351 550 2398 adulterium
585 2351 825 2397 decrevisti.
867 2351 893 2395 J
898 2368 984 2407 am,
1016 2349 1136 2414 quod
1160 2350 1290 2407 absit,
1323 2350 1357 2396 si
1386 2361 1428 2396 et

9 2456 11 2486 ÷
48 2424 243 2470 membra
273 2422 434 2468 fuerint
463 2431 656 2484 operata,
683 2421 729 2466 in
749 2432 932 2467 mortem
955 2420 1182 2467 devolutus
1204 2437 1260 2467 es,

115 2494 234 2540 XIV.
280 2492 515 2537 Suscitavit
550 2491 752 2537 Christus
785 2502 1001 2537 mortuam
1039 2491 1085 2536 in
1125 2490 1255 2535 domo
1295 2490 1428 2536 filiam

52 2563 396 2626 Archisynagogi
414 2563 447 2608 2.
479 2562 532 2605 In
557 2561 686 2606 domo
711 2572 820 2619 erat,
857 2561 966 2609 elata
989 2560 1319 2615 nondumerat.
1357 2560 1428 2606 Sic

99 2652 110 2674 ¹
137 2654 230 2684 Rom.
249 2663 312 2692 vu,
339 2648 590 2692 17.—2Marc.
612 2659 640 2688 v,
663 2656 720 2687 [μ.
