1866 3241
394 256 485 316 370
815 268 849 297 S.
892 266 1133 299 Aucus‘rim
1168 268 1370 298 131³1scor1

391 355 411 374 »
430 332 565 385 velata
598 331 706 385 faeie
739 331 919 391 gloriam
960 332 1136 376 Domini
1169 333 1454 394 speculantes,
1492 333 1538 379 in
1568 335 1761 380 eamdem

390 424 412 447 ²)
430 402 679 461 imaginem,
702 400 863 465 inquit,
886 401 1259 458 transformamur,
1276 402 1330 447 de
1349 403 1483 462 gloria
1498 405 1543 450 in
1562 404 1759 463 gloriam,

390 494 412 515 >2
431 484 640 536 tanquam
664 490 688 518 a
719 471 888 517 Domini
915 471 1082 533 Spiritu
1094 469 1126 517 1.
1156 472 1258 517 »Ne
1281 472 1367 518 hoc
1396 473 1479 519 tibi
1500 475 1682 529 tribuas,
1708 491 1762 520 ne

387 543 475 589 hoc
492 553 617 588 tuum
634 554 777 606 putes,
799 559 851 587 ne
871 542 1073 600 ignorans
1092 541 1171 586 Dei
1187 543 1401 600 justitiam
1418 555 1459 589 et
1477 555 1597 590 tuam
1616 544 1762 591 volens

389 614 648 670 constituere
664 650 674 670 ,
703 613 884 672 justitiae
909 611 989 656 Dei
1012 628 1102 657 non
1131 612 1185 657 sis
1216 613 1449 672 subjectus
1484 615 1637 660 Transi
1661 632 1760 674 ergo

389 684 444 730 ad
466 684 709 739 Christum,
734 700 758 728 o
777 682 852 745 qui
870 681 1063 741 gloriaris
1082 681 1134 727 de'
1152 683 1491 731 circumcisione.
1517 684 1624 730 Inde
1647 686 1759 731 enim

389 755 452 801 vis
464 754 644 815 gloriam
659 753 838 808 habere,
861 751 980 814 quod
998 752 1300 798 verecundaris
1318 754 1551 801 ostendere.
1579 754 1759 814 Signum

387 836 466 882 est,
497 842 647 872 verum
669 834 747 881 est,
774 842 797 869 a
820 824 911 868 Deo
936 834 1207 886 praeceptum
1231 834 1292 869 est
1322 841 1332 869 :
1362 824 1435 870 sed
1459 825 1758 870 occultationis

389 896 561 956 signum
580 906 664 942 est:
680 894 850 940 Novum
874 893 989 938 enim
1016 893 1339 938 Testamentum
1361 895 1404 939 in
1423 895 1564 940 Veteri
1579 894 1758 941 velaba-

389 975 480 1018 tur:
497 964 629 1012 Vetus
653 965 977 1009 Testamentum
1000 962 1046 1008 in
1071 963 1193 1010 Novo
1214 963 1436 1011 revelatur.
1461 964 1564 1010 Ideo
1588 965 1757 1024 signum

387 1034 443 1083 ab
475 1033 646 1080 occulto
675 1043 864 1080 transeat
893 1033 937 1078 in
973 1032 1265 1090 manifestum,
1301 1045 1342 1079 et
1371 1034 1555 1097 incipiat
1592 1051 1677 1079 esse
1712 1035 1757 1080 in

384 1105 524 1152 fronte
545 1105 663 1169 quod
682 1105 846 1150 latebat
864 1104 946 1150 sub
963 1114 1091 1150 veste.
1120 1106 1231 1150 Nam
1248 1105 1293 1150 in
1317 1122 1365 1150 eo
1389 1105 1509 1164 signo
1531 1105 1755 1151 Christum

383 1185 470 1223 esse
495 1175 839 1241 praenuntiatum
868 1174 963 1237 quis
993 1173 1213 1234 ambigat?
1248 1174 1355 1220 Inde
1390 1174 1588 1220 cultellus
1616 1175 1756 1238 petri—

382 1263 482 1303 nus,
503 1268 523 1289 «
545 1247 672 1292 Petra
699 1257 843 1291 autem
872 1247 964 1289 erat
995 1243 1240 1291 Christus2.
1280 1266 1300 1287 2>
1329 1242 1435 1290 Inde
1461 1256 1636 1291 octavus
1666 1245 1754 1291 dies

382 1317 741 1374 circumcisionis,
763 1327 805 1362 et
822 1314 1079 1360 Dominicus
1096 1315 1414 1362 resurrectionis
1426 1315 1458 1363 3.
1488 1316 1591 1361 Ideo
1610 1318 1641 1361 A
1647 1333 1753 1379 pos-
1818 1338 1819 1349 π

387 1387 495 1434 tolus
524 1388 626 1434 inde
656 1386 883 1442 transiens,
912 1384 1014 1430 inde
1047 1385 1237 1442 veniens,
1273 1385 1481 1431 transiens
1511 1386 1672 1431 scilicet
1697 1386 1752 1432 ad
1817 1389 1819 1395 ⁴

384 1458 627 1515 Christum,
659 1468 709 1504 ut
741 1455 960 1503 auferatur
982 1455 1196 1512 velamen,
1231 1456 1352 1502 novit
1381 1456 1495 1501 unde
1526 1456 1744 1515 glorietur.

380 1550 401 1571 «
421 1529 535 1575 Mihi
558 1540 702 1576 autem
724 1527 839 1573 absit
868 1526 1058 1586 gloriari,
1092 1526 1172 1571 nisi
1196 1527 1242 1571 in
1266 1543 1393 1572 cruce
1418 1527 1593 1572 Domini
1617 1528 1752 1574 nostri

380 1620 401 1641 ›>
419 1599 522 1646 Jesu
534 1597 744 1646 Christi&
770 1617 791 1638 »
812 1596 933 1652 Quid
949 1597 1064 1641 enim
1076 1595 1197 1659 prius
1214 1596 1403 1642 dixerat?
1425 1617 1445 1638 «
1467 1596 1617 1659 Neque
1635 1598 1750 1644 enim

378 1691 400 1713 ›>
419 1670 497 1733 qui
526 1667 774 1716 circumcisi
802 1676 919 1723 sunt,
956 1666 989 1712 ii
1022 1665 1157 1725 legem
1190 1666 1467 1720 custodiunt3
1495 1667 1568 1712 sed
1597 1667 1750 1714 Volunt

379 1762 400 1783 ›>
418 1757 494 1787 vos
524 1737 797 1794 eircumcidi,
828 1748 878 1782 ut
902 1737 948 1782 in
981 1747 1121 1783 vestra
1157 1753 1284 1782 carne
1320 1736 1599 1797 glorientur5.
1634 1758 1654 1779 »
1680 1738 1748 1784 Tu

377 1810 502 1874 quid,
524 1808 753 1873 Apostole?
778 1805 979 1852 Transfer
995 1806 1164 1866 signum
1187 1806 1242 1852 ad
1264 1807 1463 1854 frontem.
1491 1828 1512 1849 (ε
1531 1807 1644 1853 Mihi
1666 1823 1748 1853 au-

377 1893 503 1927 »tem
537 1880 653 1926 absit
679 1878 876 1938 gloriari,
911 1877 994 1923 nisi
1024 1877 1070 1922 in
1103 1893 1230 1923 cruce
1267 1878 1446 1923 Domini
1477 1878 1611 1924 nostri
1646 1878 1747 1925 Jesu
1806 1884 1809 1914 ³

378 1973 399 1993 ))
420 1950 600 1997 Christi.
630 1970 652 1991 ))
678 1949 762 1994 Hic
787 1948 947 2004 habeo,
975 1947 1141 2010 inquit,
1178 1947 1297 2009 quod
1318 1948 1586 2008 ignorabam.
1619 1948 1747 1994 Venit

377 2023 701 2068 Testamentum
721 2020 911 2075 Novum,
937 2017 1171 2065 revelatum
1195 2030 1257 2063 est
1280 2019 1398 2081 quod
1420 2018 1738 2066 occultabatur.

376 2116 395 2136 «
415 2093 505 2151 Qui
520 2092 728 2138 sedebant
742 2090 788 2136 in
808 2090 966 2135 umbra
983 2089 1150 2145 mortis,
1172 2088 1319 2134 lumen
1341 2099 1485 2135 ortum
1509 2100 1569 2134 est
1592 2090 1650 2134 eis
1664 2090 1697 2136 ⁶.
1722 2111 1743 2132 »
1802 2106 1805 2112 ¹

374 2163 629 2211 Revelatum
655 2172 718 2207 est
739 2161 797 2206 eis
819 2159 937 2223 quod
961 2159 1265 2205 occultabatur
1286 2177 1296 2204 :
1321 2159 1440 2222 quod
1471 2159 1634 2205 latebat
1649 2197 1659 2216 ,
1697 2161 1742 2207 in
1800 2169 1803 2222 ᾗ

374 2245 522 2297 aperto
540 2243 615 2279 est.
645 2231 775 2277 Venit
796 2231 889 2292 ipsa
912 2240 1052 2292 petra,
1078 2246 1223 2274 omnes
1241 2246 1317 2275 nos
1340 2230 1494 2293 spiritu
1513 2230 1741 2276 circumci-

373 2304 460 2360 dit,
494 2315 537 2350 et
560 2319 650 2349 suae
678 2299 937 2347 humilitatis
971 2299 1140 2359 signum
1167 2299 1213 2345 in
1245 2299 1567 2363 redemptorum
1599 2300 1740 2348 fronte

371 2373 530 2421 defixit.

436 2444 536 2491 Vll.
572 2443 599 2489 J
602 2460 672 2490 am
688 2440 884 2504 gloriatio
895 2440 941 2487 in
952 2455 1080 2486 cruce
1097 2440 1151 2488 sit
1165 2439 1331 2487 Christi
1347 2457 1358 2485 ε
1379 2458 1468 2487 non
1483 2458 1559 2488 nos
1575 2441 1738 2506 pudeat
1794 2478 1796 2503 ³

417 2543 430 2567 ¹
455 2555 469 2575 1
490 2544 567 2577 Cor.
586 2554 641 2582 111,
663 2544 777 2577 18.—
790 2539 807 2564 2
830 2551 843 2572 1
864 2542 938 2573 Gor.
955 2550 987 2580 x,
1009 2537 1125 2578 4.-3
1138 2542 1179 2575 V.
1198 2542 1297 2576 Serm.
1320 2541 1398 2583 169,
1412 2551 1483 2587 cap.
1497 2539 1612 2578 2.—-4
1627 2542 1734 2579 Galat.
1793 2559 1795 2562 -

371 2608 416 2637 vx,
437 2603 489 2633 14.
504 2612 551 2621 —
566 2593 580 2621 ⁵
593 2595 677 2631 Ibid.
699 2597 752 2629 13.
766 2611 813 2619 -—
829 2591 845 2618 ⁶
865 2594 1002 2635 Isai.1x,
1021 2605 1051 2625 2.
