1866 3241
173 359 314 390 sERMO
351 358 487 395 CXXIX,
526 356 580 385 DE
618 355 773 385 VERBIS
810 354 970 385 EVANG.
1013 357 1141 387 JOAN.
1182 358 1224 388 V.
1338 342 1423 386 115

59 441 147 471 non
170 423 411 487 accipiunt,
435 419 656 466 videamus
682 420 715 464 si
742 419 808 465 isti
835 419 1072 482 accipiunt.
1103 420 1232 464 Dicat
1254 431 1296 465 et
1318 422 1426 484 ipse,

60 493 177 541 dicat
204 503 245 538 et
276 509 357 556 pro
382 508 423 537 se
452 491 524 554 qui
556 501 688 553 caput
718 500 795 544 est,
828 500 868 534 et
900 506 980 552 pro
1006 506 1185 553 corpore
1210 506 1285 534 suo
1313 491 1429 551 quod

61 573 122 610 est
146 561 353 612 Ecclesia,
375 562 474 625 quia
493 570 534 606 et
554 562 593 606 in
609 560 734 605 nobis
758 569 891 622 caput
914 559 1107 622 loquitur
1123 576 1203 622 pro
1230 577 1425 621 corpore.

64 632 175 681 Audi
187 650 268 698 pro
278 633 419 698 capite
436 649 446 676 :
463 654 481 671 r<
498 630 741 677 Resurrexit
753 649 774 675 a
792 631 994 684 mortuis;
1011 631 1174 676 invenit
1188 631 1435 694 Discipulos

66 728 86 747 >2
101 705 364 759 haesitantes,
387 703 653 758 dubitantes,
679 718 771 765 prce
790 701 947 761 gaudio
965 719 1052 747 non
1070 701 1314 755 credentcs;
1337 717 1437 763 ape-

67 775 189 821 »ruit
218 773 300 819 illis
330 790 518 829 sensum,
550 783 600 818 ut
630 771 914 833 intelligerent
952 773 1216 837 Scripturas,
1257 782 1299 817 et
1335 771 1442 817 dixit

68 845 164 891 »eis
185 863 196 889 ε
221 845 335 901 Quia
356 846 416 890 510
445 844 657 908 scriptum
680 854 759 895 est,
789 854 830 888 et
859 845 918 888 510
952 844 1183 907 oportebat
1216 843 1442 888 Christum

71 938 92 958 »
109 917 224 980 pati,
263 926 306 961 et
341 933 557 976 resurgere
590 933 613 960 a
644 915 826 960 mortuis
863 915 986 959 tertio
1021 909 1102 962 die.
1142 936 1162 955 »
1192 914 1338 959 Habes
1363 929 1444 976 pro

72 986 239 1050 capite3
265 986 382 1032 dieat
405 996 446 1031 et
469 1003 548 1049 pro
576 1002 757 1048 corpore
780 1003 790 1029 :
814 1006 834 1025 «
863 986 917 1030 Et
939 984 1171 1048 praedicari
1197 984 1243 1030 in
1273 984 1448 1029 nomine

73 1077 93 1098 »
112 1060 202 1117 ejus
226 1056 530 1120 poenitentiam
560 1065 602 1100 et
624 1056 915 1101 remissionem
939 1066 1216 1119 peccatorum
1242 1072 1321 1118 per
1349 1071 1448 1099 om-

72 1147 92 1167 »
111 1143 184 1172 nes
215 1136 381 1188 gentes,
417 1126 728 1189 incipientibus
759 1126 814 1170 ab
841 1125 1121 1172 Jerusalem1.
1146 1147 1166 1167 >)
1185 1126 1313 1170 Dicat
1349 1140 1448 1183 ergo

71 1196 261 1242 Ecclesia
283 1197 468 1242 inimicis
491 1196 593 1253 suis,
620 1196 752 1242 dieat.
787 1197 906 1241 Dicit
929 1196 1074 1260 plane„
1096 1213 1185 1241 non
1210 1205 1323 1240 tacet
1343 1212 1353 1239 ε
1375 1193 1447 1239 sed

70 1265 131 1312 illi
152 1267 345 1313 audiant.
375 1269 557 1321 Fratres,
581 1266 760 1312 audistis
787 1267 1048 1321 testimonia,
1067 1271 1158 1325 jam
1176 1266 1338 1311 noscite
1359 1281 1441 1310 me.

73 1337 378 1383 «Scrutamini
414 1338 678 1400 Scripturas,
718 1338 762 1381 in
796 1337 955 1399 quibus
987 1354 1062 1381 vos
1097 1336 1275 1399 speratis
1314 1335 1446 1381 Vitam

71 1428 92 1449 >2
111 1418 317 1452 aeternam
338 1405 518 1454 habero.
545 1407 651 1468 ipsae
672 1406 965 1451 testimonium
989 1406 1226 1469 perhibent
1246 1405 1299 1450 de
1321 1423 1402 1452 nie.
1431 1427 1452 1446 »

73 1475 185 1533 Quae
218 1476 322 1523 dixi.
362 1493 449 1520 non
482 1486 582 1520 sunt
617 1475 670 1519 de
705 1492 818 1531 meo,
855 1476 928 1521 sed
961 1475 1014 1521 de
1046 1476 1222 1521 Domini
1255 1476 1339 1521 mei
1369 1493 1380 1521 ε
1411 1486 1453 1520 et

75 1557 215 1593 tamen
241 1545 388 1591 adhuc
420 1545 690 1601 aversamini,
727 1545 873 1591 adhuc
904 1546 1255 1606 tergiversamini.
1281 1568 1301 1587 «
1324 1546 1453 1603 Quo-

73 1638 92 1658 »
112 1616 243 1662 modo
267 1616 445 1679 potestis
467 1615 575 1660 mihi
596 1615 785 1672 credere,
808 1616 987 1676 gloriam
1011 1617 1066 1662 ab
1092 1617 1278 1663 invicem
1302 1633 1452 1680 expec-

72 1708 92 1727 »
110 1697 264 1742 tantes,
293 1697 334 1731 et
357 1686 535 1745 gloriam
558 1703 657 1749 quae
683 1704 705 1731 a
728 1686 816 1732 solo
841 1688 933 1732 Deo
960 1697 1038 1743 est,
1064 1704 1153 1732 non
1177 1689 1449 1750 quaerentes‘?

71 1779 92 1799 >)
111 1758 226 1814 Quia
247 1758 492 1818 ignorantes
519 1758 596 1802 Dei
615 1758 828 1817 justitiam
844 1795 854 1814 ,
880 1757 1020 1803 zelum
1048 1758 1129 1803 Dei
1150 1757 1348 1813 habetis,
1375 1756 1450 1803 sed

72 1845 198 1874 »non
233 1827 472 1873 secundum
501 1827 738 1874 scientiam.
777 1829 1028 1888 Ignorantes
1060 1827 1177 1873 enim
1206 1828 1286 1873 Dei
1313 1827 1448 1887 justi-

72 1919 92 1939 >2
112 1898 231 1954 tiam,
261 1908 302 1944 et
329 1909 513 1943 vestram
539 1897 727 1943 volentes
751 1899 1026 1954 constituere,
1046 1898 1228 1958 justitiae
1254 1898 1333 1943 Dei
1358 1915 1447 1943 non

72 1990 92 2011 »
109 1969 207 2014 estis
224 1968 448 2027 subjecti2.
473 1990 492 2009 »
512 1968 633 2024 Quid
651 1980 713 2014 est
732 1968 868 2021 aliud,
894 1969 1090 2029 ignorare
1114 1969 1194 2014 Dei
1208 1968 1441 2029 justitiam,

69 2051 111 2086 et
135 2056 256 2085 suam
279 2038 386 2084 velle
408 2038 684 2094 constituere,
702 2040 781 2084 nisi
797 2040 940 2085 dicere
958 2057 967 2084 :
988 2041 1079 2100 Ego
1102 2040 1343 2095 sanctifico,
1364 2055 1443 2098 ego

8 2131 12 2155 z
65 2109 286 2171 justific03
318 2107 436 2172 quod
468 2126 545 2168 ego
580 2108 763 2165 dedero,
799 2109 885 2154 hoe
917 2120 1114 2155 sanetum
1137 2113 1227 2155 est?
1260 2109 1442 2154 Dimitte

70 2180 160 2227 Deo
193 2178 311 2243 quod
346 2178 421 2223 Dei
445 2188 506 2223 est
531 2196 542 2223 ι
570 2195 768 2239 agnosce,
804 2179 955 2235 homo,
986 2179 1106 2243 quod
1136 2179 1326 2225 hominis
1358 2190 1434 2226 est.

72 2251 245 2312 Ignoras
276 2249 354 2294 Dei
377 2248 609 2308 justitiam,
640 2260 682 2294 et
708 2259 830 2295 tuam
860 2250 923 2295 vis
956 2250 1228 2296 constituere.
1266 2249 1440 2295 Justifi-

72 2337 165 2367 care
183 2335 249 2365 me
266 2317 329 2364 vis
347 2335 358 2363 2
376 2317 539 2364 suffieit
562 2318 643 2364 tibi
667 2330 714 2365 ut
738 2335 907 2365 meeum
922 2320 1183 2379 justificeris,

133 2388 232 2436 Vll.
273 2388 336 2435 De
357 2387 625 2435 Antichristo
650 2390 828 2444 dietum)
842 2400 921 2446 est,
948 2400 991 2436 et
1006 2407 1152 2436 omnes
1183 2390 1243 2436 510
1270 2388 1434 2436 intelli-

72 2468 176 2519 gunt
185 2458 302 2524 quod
317 2459 375 2504 ait
397 2459 608 2505 Dominus
626 2477 636 2504 :
654 2482 673 2501 «
696 2461 784 2519 Ego
804 2460 898 2506 veni
918 2460 963 2506 111
982 2461 1153 2506 nomine
1168 2460 1308 2506 Patris
1326 2460 1427 2515 mei,

74 2539 151 2574 »et
183 2546 267 2576 non
295 2530 538 2593 suscepistis
567 2547 662 2575 me:
685 2530 718 2575 si
745 2529 852 2576 alius
877 2531 1038 2575 venerit
1066 2531 1110 2576 in
1135 2530 1308 2576 nomine
1331 2546 1427 2586 suo,

71 2618 91 2638 »
106 2597 225 2646 hunc
238 2600 477 2665 suscipietis
487 2599 518 2646 3.
539 2622 558 2641 »
570 2599 655 2645 Sed
666 2599 839 2645 audiam
848 2617 890 2646 as
902 2610 942 2645 et
953 2601 1165 2646 ι1011100111
1179 2618 1190 2646 t
1206 2622 1226 2643 «
1241 2599 1434 2647 Audistis

118 2687 130 2711 ¹
147 2690 321 2727 Limum,
335 2690 454 2728 45-47.
467 2687 540 2714 ...2
559 2691 652 2721 Rom.
670 2700 703 2731 x,
721 2699 752 2721 α»
770 2685 883 2720 3.--3
900 2690 997 2723 Joau.
1023 2700 1051 2727 v,
1073 2691 1129 2726 43.

1268 2740 1311 2787 8.
