1866 3241
293 319 436 351 samio
472 318 658 359 extrui,
697 318 753 350 nr
789 317 949 351 vnaius
984 319 1080 352 Aer.
1119 321 1168 361 x,
1207 319 1302 354 tre.
1410 307 1502 365 245

131 385 302 432 umbrae
326 386 588 432 futurorum.
624 383 747 431 Sicut
779 382 853 430 illa
880 383 1156 431 circumcisio
1178 386 1395 446 significat
1416 389 1508 434 cir-

131 457 437 502 cumcisionem
459 455 602 501 cordis
617 492 628 511 ,
655 470 787 518 quam
814 454 878 500 illi
898 455 944 500 in
975 471 1104 501 carne
1133 456 1382 515 gestabant,
1404 460 1512 505 etin

131 526 260 573 corde
277 526 570 590 repudiabant
591 544 601 570 :
635 525 696 571 sic
712 536 754 570 et
775 525 918 589 epulae
934 524 1022 571 illae
1041 537 1265 590 praecepta
1289 529 1512 591 mysterio-

130 615 227 644 rum
247 608 372 654 sunt,
398 608 440 642 et
458 597 578 656 signa
597 596 859 643 futurorum.
892 596 1035 643 Veluti
1070 596 1188 661 quod
1213 597 1426 662 scriptum
1449 611 1513 647 est

129 667 211 724 eis,
242 678 291 714 ut
312 684 412 731 quae
430 677 529 713 sunt
549 666 814 713 ruminantia
836 676 879 712 et
903 667 1000 713 fissa
1022 666 1208 727 ungula1
1222 704 1233 724 ,
1256 668 1352 732 ipsa
1378 686 1510 715 man-

130 737 317 792 ducent3
354 737 516 800 quibus
552 747 696 783 autem
721 736 790 783 vel
822 747 1056 800 utrumque
1090 737 1159 783 vel
1182 754 1320 784 unum
1349 738 1511 786 horum

129 807 314 853 defuerit
332 845 342 865 ‚
370 826 457 854 non
488 807 754 854 manducent
784 825 794 854 :
825 808 1022 854 homines
1047 807 1229 872 quidam
1256 808 1512 868 significan-

131 888 221 935 tur,
249 895 338 924 non
355 878 619 942 pertinentes
635 878 689 924 ad
703 878 949 925 societatem
971 890 1234 926 sanctorum.
1260 880 1292 923 F
1295 879 1377 925 issa
1396 880 1513 926 enim

131 948 291 1008 ungula
310 948 364 995 ad
388 965 526 994 mores
538 985 549 1005 ,
578 949 812 994 ruminatio
833 965 933 994 vero
951 947 1006 994 ad
1022 949 1280 1013 sapientiam
1299 950 1506 1013 pertinet.

131 1019 276 1075 Quare
313 1019 370 1065 ad
409 1036 548 1065 mores
588 1019 685 1065 fissa
727 1019 919 1079 ungula?
958 1019 1073 1075 Quia
1116 1019 1291 1066 difficile
1325 1019 1505 1069 labitur.

130 1094 299 1153 Lapsus
329 1091 445 1136 enim
470 1091 641 1154 peccati
673 1090 843 1151 signum
878 1101 954 1138 est.
997 1091 1252 1136 Ruminatio
1285 1102 1429 1138 autem
1456 1092 1511 1139 ad

129 1161 352 1224 sapientiae
373 1160 618 1207 doctrinam
638 1161 860 1224 quomodo
874 1161 1088 1225 pertinet?
1111 1161 1227 1218 Quia
1241 1160 1346 1207 dixit
1363 1162 1511 1227 Scrip-

132 1242 225 1277 tura
240 1269 252 1288 ,
274 1253 294 1274 «
315 1231 563 1277 Thesaurus
588 1231 885 1278 desiderabilis
910 1232 1141 1295 requiescit
1164 1232 1210 1278 in
1232 1249 1305 1278 ore
1333 1234 1511 1297 sapien-

131 1323 151 1343 »
171 1301 245 1355 tis3
270 1302 338 1348 vir
368 1313 510 1348 autem
535 1302 690 1348 stultus
722 1302 852 1362 glutit
883 1302 1048 1350 illum2.
1075 1325 1095 1344 »
1120 1302 1209 1360 Qui
1229 1319 1329 1364 ergo
1354 1303 1508 1361 audit,

128 1383 170 1417 et
191 1371 448 1432 negligentia
475 1373 525 1418 fit
558 1372 820 1430 obliviosus,
844 1373 967 1436 quasi
1000 1373 1129 1434 glutit
1160 1372 1279 1436 quod
1309 1373 1508 1429 audivit;

130 1452 177 1487 ut
203 1445 295 1501 jam
330 1443 375 1487 in
411 1460 482 1487 ore
506 1460 594 1488 non
619 1443 782 1506 sapiat,
824 1443 1091 1489 auditionem
1127 1443 1268 1506 ipsam
1289 1443 1513 1492 oblivione

128 1511 348 1575 sepeliens.
390 1512 479 1568 Qui
514 1523 657 1557 autem
680 1513 726 1557 in
752 1512 844 1571 lege
881 1512 1059 1558 Domini
1092 1512 1329 1559 meditatur
1361 1513 1431 1560 die
1466 1526 1510 1561 et

129 1592 254 1627 nocte
269 1619 280 1638 ,
301 1593 509 1645 tanquam
530 1582 745 1637 ruminat,
769 1592 810 1626 et
828 1582 874 1627 in
895 1582 1087 1645 quodam
1107 1582 1231 1646 quasi
1248 1583 1396 1646 palato
1415 1600 1510 1631 cor-

129 1651 195 1697 dis
216 1653 340 1698 verbi
367 1670 518 1716 sapore
539 1652 794 1699 delectatur.
828 1653 925 1698 Hoc
950 1669 1050 1713 ergo
1082 1652 1203 1716 quod
1232 1665 1510 1719 praeceptum

128 1733 190 1768 est
225 1722 416 1778 Judaeis,
460 1722 675 1782 significat
709 1722 829 1786 quod
864 1722 919 1768 ad
953 1721 1217 1779 Ecclesiam,
1253 1722 1301 1769 id
1334 1735 1419 1782 est,
1453 1725 1510 1772 ad

129 1810 286 1856 corpus
306 1793 494 1850 Christi,
522 1794 576 1839 ad
600 1793 782 1853 gratiam
796 1793 1129 1858 societatemque
1149 1805 1400 1841 sanctorum
1419 1813 1509 1844 non

128 1865 347 1926 pertinent
378 1863 467 1914 illi.
506 1864 581 1927 qui
611 1874 686 1909 aut
723 1863 982 1924 negligentes
1021 1863 1239 1910 auditores
1272 1876 1396 1922 sunt,
1433 1877 1509 1914 aut

127 1933 263 1979 malos
273 1951 411 1979 mores
425 1934 591 1979 habent
607 1971 616 1990 ,
636 1944 710 1980 aut
724 1934 770 1979 in
784 1944 969 1997 utroque
981 1933 1090 1980 vitio
1104 1935 1502 1999 reprehenduntur.

195 2005 244 2051 V.
287 2004 358 2050 Sic
381 2015 537 2050 caetera
568 2021 668 2068 quae
706 2004 761 2050 ad
790 2004 912 2050 hunc
937 2004 1119 2052 modum
1146 2017 1370 2070 praecepta
1406 2017 1509 2054 sunt

128 2075 230 2122 data
248 2075 274 2120 J
281 2075 414 2121 udaeis
431 2113 442 2131 ‚
471 2075 729 2121 umbraticae
748 2085 848 2121 sunt
871 2076 1206 2135 significationes
1234 2076 1499 2127 futurorum.

128 2146 419 2209 Posteaquam
466 2146 585 2191 venit
630 2145 703 2191 lux
762 2145 917 2191 mundi
956 2146 1170 2192 Dominus
1205 2158 1350 2193 noster
1384 2148 1511 2195 Jesus

130 2216 331 2262 Christus
344 2254 355 2273 ,
377 2216 680 2262 tantummodo
702 2226 751 2261 ut
767 2215 1080 2276 intelligantur,
1102 2234 1191 2264 non
1210 2218 1340 2264 etiam
1359 2229 1408 2265 ut
1425 2219 1504 2265 ob-

129 2299 373 2342 serventur,
400 2287 616 2348 leguntur.
660 2287 773 2333 Data
804 2298 866 2333 est
894 2305 994 2348 ergo
1017 2288 1194 2335 licentia
1217 2288 1503 2348 Christianis,

129 2369 177 2404 ut
209 2358 445 2404 secundum
473 2358 589 2404 hanc
620 2375 779 2404 vanam
808 2358 1167 2404 consuetudinem
1194 2376 1284 2405 non
1312 2359 1504 2417 faciant,

128 2429 200 2474 sed
220 2428 485 2475 manducent
508 2429 627 2492 quod
645 2429 779 2475 velint
794 2466 806 2485 ,
834 2446 936 2476 cum
960 2428 1255 2476 moderatione
1273 2467 1284 2487 ,
1311 2447 1413 2476 cum
1429 2431 1506 2477 be-

129 2498 371 2545 nedictione
388 2536 399 2555 ,
437 2517 538 2546 cum
579 2500 814 2560 gratiarum
854 2501 1036 2547 actione.
1083 2501 1289 2546 Fortassis
1330 2517 1431 2561 ergo
1462 2511 1506 2548 et

131 2570 258 2616 Petro
279 2571 341 2616 ita
368 2569 537 2616 dictum
570 2582 658 2627 est,
692 2592 713 2612 (ε
735 2571 928 2628 Occide,
957 2582 999 2616 et
1017 2571 1264 2627 manduca3
1289 2593 1310 2616 ›>
1339 2582 1390 2619 ut
1417 2589 1508 2620 non

181 2658 189 2679 ¹
208 2660 300 2691 Dent.
319 2669 383 2693 xiv.
396 2677 443 2684 —
458 2658 473 2681 2
488 2659 583 2694 Prov.
603 2670 671 2693 xxr,
690 2670 745 2701 20,
758 2659 847 2703 juxta
863 2670 939 2703 Lxx,
954 2665 983 2692 et
999 2659 1102 2695 Hebr.
