<?xml version="1.0" encoding="UTF-8"?>
<!DOCTYPE html PUBLIC "-//W3C//DTD XHTML 1.0 Transitional//EN"
    "http://www.w3.org/TR/xhtml1/DTD/xhtml1-transitional.dtd">
<html xmlns="http://www.w3.org/1999/xhtml" xml:lang="en" lang="en">
 <head>
  <title>
</title>
<meta http-equiv="Content-Type" content="text/html;charset=utf-8" />
  <meta name='ocr-system' content='tesseract 3.04.00' />
  <meta name='ocr-capabilities' content='ocr_page ocr_carea ocr_par ocr_line ocrx_word'/>
</head>
<body>
  <div class='ocr_page' id='page_1' title='image "./operaomniaaccura19auguuoft_0334.png"; bbox 0 0 1866 3241; ppageno 0'>
   <div class='ocr_carea' id='block_1_1' title="bbox 383 310 1347 366">
    <p class='ocr_par' dir='ltr' id='par_1_1' title="bbox 383 310 1347 366">
     <span class='ocr_line' id='line_1_1' title="bbox 383 310 1347 366; baseline 0 -11"><span class='ocrx_word' id='word_1_1' title='bbox 383 310 477 366; x_wconf 72' lang='lat'>324</span> <span class='ocrx_word' id='word_1_2' title='bbox 791 324 825 355; x_wconf 77' lang='lat' dir='ltr'>s,</span> <span class='ocrx_word' id='word_1_3' title='bbox 868 321 1110 354; x_wconf 73' lang='lat' dir='ltr'>Aucusrlm</span> <span class='ocrx_word' id='word_1_4' title='bbox 1143 321 1347 355; x_wconf 79' lang='lat' dir='ltr'>EPISCOPI</span> 
     </span>
    </p>
   </div>
   <div class='ocr_carea' id='block_1_2' title="bbox 378 388 1758 1360">
    <p class='ocr_par' dir='ltr' id='par_1_2' title="bbox 378 388 1758 1360">
     <span class='ocr_line' id='line_1_2' title="bbox 448 388 1751 454; baseline 0.001 -18"><span class='ocrx_word' id='word_1_5' title='bbox 448 389 565 437; x_wconf 88' lang='lat' dir='ltr'>XIV.</span> <span class='ocrx_word' id='word_1_6' title='bbox 602 390 740 446; x_wconf 83' lang='lat' dir='ltr'>Ecce,</span> <span class='ocrx_word' id='word_1_7' title='bbox 778 388 1009 449; x_wconf 83' lang='lat' dir='ltr'>adjuvante</span> <span class='ocrx_word' id='word_1_8' title='bbox 1033 388 1167 452; x_wconf 88' lang='lat' dir='ltr'>ipsius</span> <span class='ocrx_word' id='word_1_9' title='bbox 1192 388 1509 446; x_wconf 78' lang='lat' dir='ltr'>misericordia,</span> <span class='ocrx_word' id='word_1_10' title='bbox 1540 388 1751 454; x_wconf 85' lang='lat' dir='ltr'>Spiritum</span> 
     </span>
     <span class='ocr_line' id='line_1_3' title="bbox 384 457 1754 521; baseline 0.001 -15"><span class='ocrx_word' id='word_1_11' title='bbox 384 460 548 506; x_wconf 84' lang='lat' dir='ltr'>Christi</span> <span class='ocrx_word' id='word_1_12' title='bbox 581 459 795 505; x_wconf 82' lang='lat' dir='ltr'>habemus</span> <span class='ocrx_word' id='word_1_13' title='bbox 835 476 845 504; x_wconf 93' lang='lat'><strong>:</strong></span> <span class='ocrx_word' id='word_1_14' title='bbox 884 476 936 504; x_wconf 85' lang='lat' dir='ltr'>ex</span> <span class='ocrx_word' id='word_1_15' title='bbox 969 459 1062 521; x_wconf 82' lang='lat' dir='ltr'>ipsa</span> <span class='ocrx_word' id='word_1_16' title='bbox 1098 457 1327 504; x_wconf 80' lang='lat' dir='ltr'>dilectione</span> <span class='ocrx_word' id='word_1_17' title='bbox 1353 459 1559 518; x_wconf 73' lang='lat' dir='ltr'>justitiae,</span> <span class='ocrx_word' id='word_1_18' title='bbox 1591 460 1754 521; x_wconf 85' lang='lat' dir='ltr'>integra</span> 
     </span>
     <span class='ocr_line' id='line_1_4' title="bbox 383 528 1754 591; baseline 0.001 -16"><span class='ocrx_word' id='word_1_19' title='bbox 383 530 469 575; x_wconf 78' lang='lat' dir='ltr'>fide</span> <span class='ocrx_word' id='word_1_20' title='bbox 486 567 497 586; x_wconf 83' lang='lat'><strong>,</strong></span> <span class='ocrx_word' id='word_1_21' title='bbox 524 529 741 575; x_wconf 87' lang='lat' dir='ltr'>catholica</span> <span class='ocrx_word' id='word_1_22' title='bbox 768 529 877 585; x_wconf 82' lang='lat' dir='ltr'>fide,</span> <span class='ocrx_word' id='word_1_23' title='bbox 915 528 1130 590; x_wconf 87' lang='lat' dir='ltr'>Spiritum</span> <span class='ocrx_word' id='word_1_24' title='bbox 1155 528 1235 573; x_wconf 86' lang='lat' dir='ltr'>Dei</span> <span class='ocrx_word' id='word_1_25' title='bbox 1261 529 1388 574; x_wconf 88' lang='lat' dir='ltr'>nobis</span> <span class='ocrx_word' id='word_1_26' title='bbox 1414 529 1546 575; x_wconf 88' lang='lat' dir='ltr'>inesse</span> <span class='ocrx_word' id='word_1_27' title='bbox 1569 547 1754 591; x_wconf 87' lang='lat' dir='ltr'>cognos-</span> 
     </span>
     <span class='ocr_line' id='line_1_5' title="bbox 381 597 1755 662; baseline 0.001 -16"><span class='ocrx_word' id='word_1_28' title='bbox 381 601 532 647; x_wconf 82' lang='lat' dir='ltr'><strong>cimus.</strong></span> <span class='ocrx_word' id='word_1_29' title='bbox 571 599 654 645; x_wconf 85' lang='lat' dir='ltr'>Sed</span> <span class='ocrx_word' id='word_1_30' title='bbox 675 598 781 662; x_wconf 86' lang='lat' dir='ltr'>quid</span> <span class='ocrx_word' id='word_1_31' title='bbox 807 598 861 643; x_wconf 86' lang='lat' dir='ltr'>de</span> <span class='ocrx_word' id='word_1_32' title='bbox 882 614 1010 643; x_wconf 86' lang='lat' dir='ltr'>carne</span> <span class='ocrx_word' id='word_1_33' title='bbox 1032 597 1106 644; x_wconf 84' lang='lat' dir='ltr'>illa</span> <span class='ocrx_word' id='word_1_34' title='bbox 1131 598 1337 644; x_wconf 67' lang='lat' dir='ltr'>mortali?</span> <span class='ocrx_word' id='word_1_35' title='bbox 1374 599 1493 655; x_wconf 83' lang='lat' dir='ltr'>Quid</span> <span class='ocrx_word' id='word_1_36' title='bbox 1519 600 1572 645; x_wconf 88' lang='lat' dir='ltr'>de</span> <span class='ocrx_word' id='word_1_37' title='bbox 1595 600 1685 661; x_wconf 79' lang='lat' dir='ltr'>lege</span> <span class='ocrx_word' id='word_1_38' title='bbox 1710 601 1755 647; x_wconf 90' lang='lat' dir='ltr'>in</span> 
     </span>
     <span class='ocr_line' id='line_1_6' title="bbox 378 669 1755 731; baseline 0.001 -15"><span class='ocrx_word' id='word_1_39' title='bbox 378 670 585 716; x_wconf 83' lang='lat' dir='ltr'>membris</span> <span class='ocrx_word' id='word_1_40' title='bbox 620 670 775 715; x_wconf 86' lang='lat' dir='ltr'>nostris</span> <span class='ocrx_word' id='word_1_41' title='bbox 800 679 1069 731; x_wconf 80' lang='lat' dir='ltr'>repugnante</span> <span class='ocrx_word' id='word_1_42' title='bbox 1101 669 1185 729; x_wconf 83' lang='lat' dir='ltr'>legi</span> <span class='ocrx_word' id='word_1_43' title='bbox 1220 669 1406 715; x_wconf 68' lang='lat' dir='ltr'>mentis?</span> <span class='ocrx_word' id='word_1_44' title='bbox 1442 670 1562 726; x_wconf 84' lang='lat' dir='ltr'>Quid</span> <span class='ocrx_word' id='word_1_45' title='bbox 1595 670 1648 716; x_wconf 88' lang='lat' dir='ltr'>de</span> <span class='ocrx_word' id='word_1_46' title='bbox 1680 670 1755 717; x_wconf 90' lang='lat' dir='ltr'>illo</span> 
     </span>
     <span class='ocr_line' id='line_1_7' title="bbox 380 738 1755 801; baseline 0 -15"><span class='ocrx_word' id='word_1_47' title='bbox 380 741 540 801; x_wconf 84' lang='lat' dir='ltr'>gemitu</span> <span class='ocrx_word' id='word_1_48' title='bbox 568 758 579 785; x_wconf 73' lang='grc' dir='ltr'>ς</span> <span class='ocrx_word' id='word_1_49' title='bbox 604 762 624 781; x_wconf 68' lang='grc' dir='ltr'>α</span> <span class='ocrx_word' id='word_1_50' title='bbox 646 740 778 785; x_wconf 81' lang='lat' dir='ltr'>Miser</span> <span class='ocrx_word' id='word_1_51' title='bbox 801 756 877 798; x_wconf 82' lang='lat' dir='ltr'>ego</span> <span class='ocrx_word' id='word_1_52' title='bbox 901 738 1066 784; x_wconf 69' lang='lat' dir='ltr'>homo?</span> <span class='ocrx_word' id='word_1_53' title='bbox 1088 761 1108 780; x_wconf 88' lang='grc'>»</span> <span class='ocrx_word' id='word_1_54' title='bbox 1133 739 1248 785; x_wconf 74' lang='lat' dir='ltr'>‚Audi</span> <span class='ocrx_word' id='word_1_55' title='bbox 1279 757 1289 784; x_wconf 90' lang='lat'>:</span> <span class='ocrx_word' id='word_1_56' title='bbox 1312 761 1333 781; x_wconf 75' lang='lat' dir='ltr'>c&lt;</span> <span class='ocrx_word' id='word_1_57' title='bbox 1362 740 1407 784; x_wconf 90' lang='lat' dir='ltr'>Si</span> <span class='ocrx_word' id='word_1_58' title='bbox 1433 750 1575 785; x_wconf 86' lang='lat' dir='ltr'>autem</span> <span class='ocrx_word' id='word_1_59' title='bbox 1599 740 1755 786; x_wconf 78' lang='lat' dir='ltr'>Chris-</span> 
     </span>
     <span class='ocr_line' id='line_1_8' title="bbox 379 808 1755 873; baseline 0.003 -21"><span class='ocrx_word' id='word_1_60' title='bbox 379 832 400 852; x_wconf 79' lang='lat'>»</span> <span class='ocrx_word' id='word_1_61' title='bbox 421 822 488 856; x_wconf 87' lang='lat' dir='ltr'>tus</span> <span class='ocrx_word' id='word_1_62' title='bbox 511 811 557 855; x_wconf 90' lang='lat' dir='ltr'>in</span> <span class='ocrx_word' id='word_1_63' title='bbox 581 809 722 864; x_wconf 76' lang='lat' dir='ltr'>vobi5‚</span> <span class='ocrx_word' id='word_1_64' title='bbox 746 826 904 872; x_wconf 86' lang='lat' dir='ltr'>corpus</span> <span class='ocrx_word' id='word_1_65' title='bbox 930 808 1108 871; x_wconf 86' lang='lat' dir='ltr'>quidem</span> <span class='ocrx_word' id='word_1_66' title='bbox 1133 820 1355 855; x_wconf 89' lang='lat' dir='ltr'>mortuum</span> <span class='ocrx_word' id='word_1_67' title='bbox 1373 820 1435 854; x_wconf 89' lang='lat' dir='ltr'>est</span> <span class='ocrx_word' id='word_1_68' title='bbox 1456 820 1639 873; x_wconf 82' lang='lat' dir='ltr'>propter</span> <span class='ocrx_word' id='word_1_69' title='bbox 1655 827 1755 873; x_wconf 85' lang='lat' dir='ltr'>pec-</span> 
     </span>
     <span class='ocr_line' id='line_1_9' title="bbox 378 878 1755 943; baseline 0 -21"><span class='ocrx_word' id='word_1_70' title='bbox 378 903 399 923; x_wconf 81' lang='grc'><em>»</em></span> <span class='ocrx_word' id='word_1_71' title='bbox 423 891 592 937; x_wconf 80' lang='lat' dir='ltr'>catum,</span> <span class='ocrx_word' id='word_1_72' title='bbox 626 878 802 942; x_wconf 81' lang='lat' dir='ltr'>spiritus</span> <span class='ocrx_word' id='word_1_73' title='bbox 842 889 986 923; x_wconf 86' lang='lat' dir='ltr'>autem</span> <span class='ocrx_word' id='word_1_74' title='bbox 1014 879 1104 925; x_wconf 85' lang='lat' dir='ltr'>vita</span> <span class='ocrx_word' id='word_1_75' title='bbox 1131 890 1193 925; x_wconf 91' lang='lat' dir='ltr'>est</span> <span class='ocrx_word' id='word_1_76' title='bbox 1226 890 1407 943; x_wconf 85' lang='lat' dir='ltr'>propter</span> <span class='ocrx_word' id='word_1_77' title='bbox 1429 880 1645 939; x_wconf 76' lang='lat' dir='ltr'>jtistitialn</span> <span class='ocrx_word' id='word_1_78' title='bbox 1666 879 1700 926; x_wconf 67' lang='lat'>4.</span> <span class='ocrx_word' id='word_1_79' title='bbox 1734 901 1755 923; x_wconf 86' lang='lat'>»</span> 
     </span>
     <span class='ocr_line' id='line_1_10' title="bbox 378 949 1755 1014; baseline -0.001 -18"><span class='ocrx_word' id='word_1_80' title='bbox 378 951 494 1010; x_wconf 84' lang='lat' dir='ltr'>Ergo</span> <span class='ocrx_word' id='word_1_81' title='bbox 517 950 570 995; x_wconf 87' lang='lat' dir='ltr'>de</span> <span class='ocrx_word' id='word_1_82' title='bbox 588 966 769 1012; x_wconf 81' lang='lat' dir='ltr'>corpore</span> <span class='ocrx_word' id='word_1_83' title='bbox 796 959 968 994; x_wconf 88' lang='lat' dir='ltr'>mortuo</span> <span class='ocrx_word' id='word_1_84' title='bbox 997 960 1178 1012; x_wconf 81' lang='lat' dir='ltr'>propter</span> <span class='ocrx_word' id='word_1_85' title='bbox 1204 960 1435 1013; x_wconf 84' lang='lat' dir='ltr'>peccatum</span> <span class='ocrx_word' id='word_1_86' title='bbox 1454 987 1464 1005; x_wconf 80' lang='lat'>,</span> <span class='ocrx_word' id='word_1_87' title='bbox 1492 953 1588 1009; x_wconf 67' lang='lat' dir='ltr'>jam⁴</span> <span class='ocrx_word' id='word_1_88' title='bbox 1608 949 1755 1014; x_wconf 83' lang='lat' dir='ltr'>despe-</span> 
     </span>
     <span class='ocr_line' id='line_1_11' title="bbox 378 1017 1756 1080; baseline -0.001 -15"><span class='ocrx_word' id='word_1_89' title='bbox 378 1020 566 1065; x_wconf 79' lang='lat' dir='ltr'>randum</span> <span class='ocrx_word' id='word_1_90' title='bbox 583 1021 676 1064; x_wconf 70' lang='lat' dir='ltr'>est?</span> <span class='ocrx_word' id='word_1_91' title='bbox 707 1017 836 1063; x_wconf 59' lang='lat' dir='ltr'>Nulla</span> <span class='ocrx_word' id='word_1_92' title='bbox 863 1034 958 1080; x_wconf 85' lang='lat' dir='ltr'>spes</span> <span class='ocrx_word' id='word_1_93' title='bbox 981 1021 1074 1064; x_wconf 68' lang='lat' dir='ltr'>est?</span> <span class='ocrx_word' id='word_1_94' title='bbox 1104 1019 1175 1064; x_wconf 87' lang='lat' dir='ltr'>Sic</span> <span class='ocrx_word' id='word_1_95' title='bbox 1199 1019 1377 1075; x_wconf 84' lang='lat' dir='ltr'>dormit,</span> <span class='ocrx_word' id='word_1_96' title='bbox 1405 1031 1454 1066; x_wconf 90' lang='lat' dir='ltr'>ut</span> <span class='ocrx_word' id='word_1_97' title='bbox 1474 1036 1561 1064; x_wconf 90' lang='lat' dir='ltr'>non</span> <span class='ocrx_word' id='word_1_98' title='bbox 1581 1018 1756 1079; x_wconf 87' lang='lat' dir='ltr'>adjiciat</span> 
     </span>
     <span class='ocr_line' id='line_1_12' title="bbox 379 1087 1755 1153; baseline 0 -19"><span class='ocrx_word' id='word_1_99' title='bbox 379 1100 428 1135; x_wconf 92' lang='lat' dir='ltr'>ut</span> <span class='ocrx_word' id='word_1_100' title='bbox 444 1090 666 1148; x_wconf 67' lang='lat' dir='ltr'>resurgat?</span> <span class='ocrx_word' id='word_1_101' title='bbox 695 1087 835 1133; x_wconf 83' lang='lat' dir='ltr'>Absit.</span> <span class='ocrx_word' id='word_1_102' title='bbox 863 1107 883 1127; x_wconf 74' lang='grc' dir='ltr'>α</span> <span class='ocrx_word' id='word_1_103' title='bbox 905 1087 1077 1150; x_wconf 88' lang='lat' dir='ltr'>Corpus</span> <span class='ocrx_word' id='word_1_104' title='bbox 1095 1088 1273 1151; x_wconf 80' lang='lat' dir='ltr'>quidem</span> <span class='ocrx_word' id='word_1_105' title='bbox 1297 1099 1517 1134; x_wconf 86' lang='lat' dir='ltr'>mortuum</span> <span class='ocrx_word' id='word_1_106' title='bbox 1539 1099 1601 1134; x_wconf 87' lang='lat' dir='ltr'>est</span> <span class='ocrx_word' id='word_1_107' title='bbox 1623 1105 1755 1153; x_wconf 85' lang='lat' dir='ltr'>prop-</span> 
     </span>
     <span class='ocr_line' id='line_1_13' title="bbox 379 1156 1757 1222; baseline 0.003 -21"><span class='ocrx_word' id='word_1_108' title='bbox 379 1180 401 1201; x_wconf 82' lang='lat'>»</span> <span class='ocrx_word' id='word_1_109' title='bbox 421 1170 483 1204; x_wconf 83' lang='lat' dir='ltr'>ter</span> <span class='ocrx_word' id='word_1_110' title='bbox 492 1168 740 1222; x_wconf 84' lang='lat' dir='ltr'>peccatum,</span> <span class='ocrx_word' id='word_1_111' title='bbox 762 1156 941 1219; x_wconf 84' lang='lat' dir='ltr'>spiritus</span> <span class='ocrx_word' id='word_1_112' title='bbox 956 1167 1097 1202; x_wconf 86' lang='lat' dir='ltr'>autem</span> <span class='ocrx_word' id='word_1_113' title='bbox 1110 1158 1197 1203; x_wconf 84' lang='lat' dir='ltr'>vita</span> <span class='ocrx_word' id='word_1_114' title='bbox 1217 1169 1279 1203; x_wconf 85' lang='lat' dir='ltr'>cst</span> <span class='ocrx_word' id='word_1_115' title='bbox 1301 1168 1477 1221; x_wconf 80' lang='lat' dir='ltr'>propter</span> <span class='ocrx_word' id='word_1_116' title='bbox 1489 1159 1717 1218; x_wconf 87' lang='lat' dir='ltr'>justitiam.</span> <span class='ocrx_word' id='word_1_117' title='bbox 1736 1179 1757 1200; x_wconf 92' lang='lat'>»</span> 
     </span>
     <span class='ocr_line' id='line_1_14' title="bbox 380 1225 1757 1290; baseline -0.001 -16"><span class='ocrx_word' id='word_1_118' title='bbox 380 1228 606 1274; x_wconf 83' lang='lat' dir='ltr'>Remansit</span> <span class='ocrx_word' id='word_1_119' title='bbox 637 1226 808 1272; x_wconf 79' lang='lat' dir='ltr'>tristitia</span> <span class='ocrx_word' id='word_1_120' title='bbox 844 1225 897 1271; x_wconf 82' lang='lat' dir='ltr'>do</span> <span class='ocrx_word' id='word_1_121' title='bbox 934 1236 1079 1272; x_wconf 89' lang='lat' dir='ltr'>nostro</span> <span class='ocrx_word' id='word_1_122' title='bbox 1115 1244 1296 1290; x_wconf 78' lang='lat' dir='ltr'>corpore</span> <span class='ocrx_word' id='word_1_123' title='bbox 1337 1246 1347 1272; x_wconf 89' lang='lat'><strong>:</strong></span> <span class='ocrx_word' id='word_1_124' title='bbox 1383 1249 1402 1268; x_wconf 88' lang='lat'>«</span> <span class='ocrx_word' id='word_1_125' title='bbox 1440 1230 1572 1273; x_wconf 63' lang='lat' dir='ltr'>[Nemo</span> <span class='ocrx_word' id='word_1_126' title='bbox 1614 1238 1757 1273; x_wconf 87' lang='lat' dir='ltr'>autem</span> 
     </span>
     <span class='ocr_line' id='line_1_15' title="bbox 380 1295 1758 1360; baseline 0.001 -20"><span class='ocrx_word' id='word_1_127' title='bbox 380 1319 402 1340; x_wconf 80' lang='grc'>»</span> <span class='ocrx_word' id='word_1_128' title='bbox 422 1314 594 1343; x_wconf 80' lang='lat' dir='ltr'>carnem</span> <span class='ocrx_word' id='word_1_129' title='bbox 618 1313 739 1342; x_wconf 87' lang='lat' dir='ltr'>suam</span> <span class='ocrx_word' id='word_1_130' title='bbox 766 1295 866 1341; x_wconf 84' lang='lat' dir='ltr'>odio</span> <span class='ocrx_word' id='word_1_131' title='bbox 894 1295 1053 1341; x_wconf 80' lang='lat' dir='ltr'>habuit</span> <span class='ocrx_word' id='word_1_132' title='bbox 1073 1297 1106 1342; x_wconf 79' lang='lat'>2.</span> <span class='ocrx_word' id='word_1_133' title='bbox 1139 1318 1159 1338; x_wconf 81' lang='lat'>›&gt;</span> <span class='ocrx_word' id='word_1_134' title='bbox 1187 1296 1392 1342; x_wconf 68' lang='lat' dir='ltr'>Videmus</span> <span class='ocrx_word' id='word_1_135' title='bbox 1416 1313 1548 1360; x_wconf 80' lang='lat' dir='ltr'>qtlam</span> <span class='ocrx_word' id='word_1_136' title='bbox 1579 1296 1758 1343; x_wconf 87' lang='lat' dir='ltr'>sollicite</span> 
     </span>
    </p>
   </div>
   <div class='ocr_carea' id='block_1_3' title="bbox 381 1367 1834 1499">
    <p class='ocr_par' dir='ltr' id='par_1_3' title="bbox 381 1367 1834 1499">
     <span class='ocr_line' id='line_1_16' title="bbox 381 1367 1834 1430; baseline -0.001 -16"><span class='ocrx_word' id='word_1_137' title='bbox 381 1378 559 1415; x_wconf 84' lang='lat' dir='ltr'>curetur</span> <span class='ocrx_word' id='word_1_138' title='bbox 586 1367 805 1430; x_wconf 74' lang='lat' dir='ltr'>sepultura</span> <span class='ocrx_word' id='word_1_139' title='bbox 840 1376 1112 1412; x_wconf 89' lang='lat' dir='ltr'>mortuorum</span> <span class='ocrx_word' id='word_1_140' title='bbox 1138 1385 1148 1411; x_wconf 74' lang='grc' dir='ltr'>ε</span> <span class='ocrx_word' id='word_1_141' title='bbox 1173 1388 1192 1408; x_wconf 84' lang='grc'>«</span> <span class='ocrx_word' id='word_1_142' title='bbox 1220 1369 1391 1430; x_wconf 81' lang='lat' dir='ltr'>Corpus</span> <span class='ocrx_word' id='word_1_143' title='bbox 1429 1367 1606 1430; x_wconf 87' lang='lat' dir='ltr'>quidem</span> <span class='ocrx_word' id='word_1_144' title='bbox 1638 1384 1758 1413; x_wconf 90' lang='lat' dir='ltr'>mor-</span> <span class='ocrx_word' id='word_1_145' title='bbox 1824 1397 1834 1404; x_wconf 91' lang='lat'><em>-</em></span> 
     </span>
     <span class='ocr_line' id='line_1_17' title="bbox 383 1435 1833 1499; baseline 0 -17"><span class='ocrx_word' id='word_1_146' title='bbox 383 1460 404 1479; x_wconf 82' lang='lat'>»</span> <span class='ocrx_word' id='word_1_147' title='bbox 430 1449 556 1484; x_wconf 86' lang='lat' dir='ltr'>tuum</span> <span class='ocrx_word' id='word_1_148' title='bbox 585 1447 647 1482; x_wconf 89' lang='lat' dir='ltr'>est</span> <span class='ocrx_word' id='word_1_149' title='bbox 681 1447 861 1499; x_wconf 84' lang='lat' dir='ltr'>propter</span> <span class='ocrx_word' id='word_1_150' title='bbox 887 1446 1143 1498; x_wconf 81' lang='lat' dir='ltr'>peccatum,</span> <span class='ocrx_word' id='word_1_151' title='bbox 1183 1437 1360 1499; x_wconf 85' lang='lat' dir='ltr'>spiritus</span> <span class='ocrx_word' id='word_1_152' title='bbox 1399 1447 1541 1482; x_wconf 87' lang='lat' dir='ltr'>autem</span> <span class='ocrx_word' id='word_1_153' title='bbox 1573 1437 1664 1482; x_wconf 87' lang='lat' dir='ltr'>vita</span> <span class='ocrx_word' id='word_1_154' title='bbox 1699 1446 1760 1482; x_wconf 90' lang='lat' dir='ltr'>est</span> <span class='ocrx_word' id='word_1_155' title='bbox 1819 1435 1833 1477; x_wconf 41' lang='lat'>⁴«</span> 
     </span>
    </p>
   </div>
   <div class='ocr_carea' id='block_1_4' title="bbox 1797 1593 1833 1923">
    <p class='ocr_par' dir='ltr' id='par_1_4' title="bbox 1797 1593 1846 1923">
     <span class='ocr_line' id='line_1_18' title="bbox 1797 1593 1833 1923; baseline 0.041 -232"><span class='ocrx_word' id='word_1_156' title='bbox 1797 1593 1833 1923; x_wconf 40' lang='grc' dir='ltr'>Ι]</span> 
     </span>
    </p>
   </div>
   <div class='ocr_carea' id='block_1_5' title="bbox 384 1505 1765 2268">
    <p class='ocr_par' dir='ltr' id='par_1_5' title="bbox 384 1505 1760 1781">
     <span class='ocr_line' id='line_1_19' title="bbox 386 1505 1754 1571; baseline 0.002 -22"><span class='ocrx_word' id='word_1_157' title='bbox 386 1530 406 1549; x_wconf 73' lang='lat'>»</span> <span class='ocrx_word' id='word_1_158' title='bbox 435 1518 615 1571; x_wconf 75' lang='lat' dir='ltr'>propter</span> <span class='ocrx_word' id='word_1_159' title='bbox 637 1506 864 1566; x_wconf 83' lang='lat' dir='ltr'>justitiam.</span> <span class='ocrx_word' id='word_1_160' title='bbox 902 1526 922 1546; x_wconf 86' lang='lat'>›&gt;</span> <span class='ocrx_word' id='word_1_161' title='bbox 952 1506 1050 1549; x_wconf 85' lang='lat' dir='ltr'>Jam</span> <span class='ocrx_word' id='word_1_162' title='bbox 1087 1505 1262 1550; x_wconf 83' lang='lat' dir='ltr'>dicebas</span> <span class='ocrx_word' id='word_1_163' title='bbox 1289 1505 1344 1550; x_wconf 90' lang='lat' dir='ltr'>ad</span> <span class='ocrx_word' id='word_1_164' title='bbox 1374 1506 1711 1552; x_wconf 82' lang='lat' dir='ltr'>consolationem</span> <span class='ocrx_word' id='word_1_165' title='bbox 1743 1524 1754 1551; x_wconf 75' lang='lat' dir='ltr'>t</span> 
     </span>
     <span class='ocr_line' id='line_1_20' title="bbox 384 1575 1760 1639; baseline -0.001 -16"><span class='ocrx_word' id='word_1_166' title='bbox 384 1578 549 1623; x_wconf 78' lang='lat' dir='ltr'>Vellem</span> <span class='ocrx_word' id='word_1_167' title='bbox 569 1575 746 1639; x_wconf 86' lang='lat' dir='ltr'>quidem</span> <span class='ocrx_word' id='word_1_168' title='bbox 773 1585 815 1619; x_wconf 88' lang='lat' dir='ltr'>et</span> <span class='ocrx_word' id='word_1_169' title='bbox 837 1590 997 1637; x_wconf 86' lang='lat' dir='ltr'>corpus</span> <span class='ocrx_word' id='word_1_170' title='bbox 1030 1591 1174 1619; x_wconf 85' lang='lat' dir='ltr'>meum</span> <span class='ocrx_word' id='word_1_171' title='bbox 1203 1585 1308 1619; x_wconf 86' lang='lat' dir='ltr'>esset</span> <span class='ocrx_word' id='word_1_172' title='bbox 1330 1575 1376 1620; x_wconf 89' lang='lat' dir='ltr'>in</span> <span class='ocrx_word' id='word_1_173' title='bbox 1399 1576 1488 1621; x_wconf 89' lang='lat' dir='ltr'>vita</span> <span class='ocrx_word' id='word_1_174' title='bbox 1509 1593 1520 1620; x_wconf 73' lang='grc' dir='ltr'>ι</span> <span class='ocrx_word' id='word_1_175' title='bbox 1550 1576 1623 1621; x_wconf 89' lang='lat' dir='ltr'>sed</span> <span class='ocrx_word' id='word_1_176' title='bbox 1659 1575 1760 1639; x_wconf 85' lang='lat' dir='ltr'>quia</span> 
     </span>
     <span class='ocr_line' id='line_1_21' title="bbox 385 1644 1760 1710; baseline -0.002 -16"><span class='ocrx_word' id='word_1_177' title='bbox 385 1665 473 1694; x_wconf 92' lang='lat' dir='ltr'>non</span> <span class='ocrx_word' id='word_1_178' title='bbox 497 1657 655 1710; x_wconf 80' lang='lat' dir='ltr'>potest,</span> <span class='ocrx_word' id='word_1_179' title='bbox 679 1644 816 1691; x_wconf 82' lang='lat' dir='ltr'>sitve]</span> <span class='ocrx_word' id='word_1_180' title='bbox 836 1644 1012 1707; x_wconf 82' lang='lat' dir='ltr'>spiritus</span> <span class='ocrx_word' id='word_1_181' title='bbox 1039 1661 1175 1700; x_wconf 80' lang='lat' dir='ltr'>meus,</span> <span class='ocrx_word' id='word_1_182' title='bbox 1203 1645 1256 1689; x_wconf 89' lang='lat' dir='ltr'>sit</span> <span class='ocrx_word' id='word_1_183' title='bbox 1278 1644 1347 1692; x_wconf 78' lang='lat' dir='ltr'>vel</span> <span class='ocrx_word' id='word_1_184' title='bbox 1367 1646 1508 1691; x_wconf 86' lang='lat' dir='ltr'>anima</span> <span class='ocrx_word' id='word_1_185' title='bbox 1531 1662 1653 1691; x_wconf 85' lang='lat' dir='ltr'>mea:</span> <span class='ocrx_word' id='word_1_186' title='bbox 1674 1647 1760 1691; x_wconf 83' lang='lat' dir='ltr'>Ex-</span> 
     </span>
     <span class='ocr_line' id='line_1_22' title="bbox 386 1713 1001 1781; baseline -0.003 -19"><span class='ocrx_word' id='word_1_187' title='bbox 386 1728 533 1781; x_wconf 78' lang='lat' dir='ltr'>pecta,</span> <span class='ocrx_word' id='word_1_188' title='bbox 560 1716 648 1762; x_wconf 87' lang='lat' dir='ltr'>noli</span> <span class='ocrx_word' id='word_1_189' title='bbox 669 1732 755 1760; x_wconf 86' lang='lat' dir='ltr'>esse</span> <span class='ocrx_word' id='word_1_190' title='bbox 780 1713 1001 1760; x_wconf 76' lang='lat' dir='ltr'>sollicitus,</span> 
     </span>
    </p>

    <p class='ocr_par' dir='ltr' id='par_1_6' title="bbox 389 1784 1765 2268">
     <span class='ocr_line' id='line_1_23' title="bbox 453 1784 1762 1847; baseline 0.005 -21"><span class='ocrx_word' id='word_1_191' title='bbox 453 1786 547 1833; x_wconf 56' lang='lat' dir='ltr'>XV,</span> <span class='ocrx_word' id='word_1_192' title='bbox 579 1807 599 1826; x_wconf 84' lang='lat'>«</span> <span class='ocrx_word' id='word_1_193' title='bbox 629 1785 676 1830; x_wconf 87' lang='lat' dir='ltr'>Si</span> <span class='ocrx_word' id='word_1_194' title='bbox 704 1786 820 1829; x_wconf 84' lang='lat' dir='ltr'>enim</span> <span class='ocrx_word' id='word_1_195' title='bbox 859 1784 1047 1847; x_wconf 79' lang='lat' dir='ltr'>Spiritus</span> <span class='ocrx_word' id='word_1_196' title='bbox 1073 1788 1185 1843; x_wconf 79' lang='lat' dir='ltr'>ejus,</span> <span class='ocrx_word' id='word_1_197' title='bbox 1215 1785 1290 1847; x_wconf 87' lang='lat' dir='ltr'>qui</span> <span class='ocrx_word' id='word_1_198' title='bbox 1318 1786 1541 1831; x_wconf 84' lang='lat' dir='ltr'>suscitavit</span> <span class='ocrx_word' id='word_1_199' title='bbox 1562 1786 1710 1832; x_wconf 89' lang='lat' dir='ltr'>Jesum</span> <span class='ocrx_word' id='word_1_200' title='bbox 1738 1804 1762 1832; x_wconf 88' lang='lat' dir='ltr'>a</span> 
     </span>
     <span class='ocr_line' id='line_1_24' title="bbox 389 1853 1763 1917; baseline 0.002 -19"><span class='ocrx_word' id='word_1_201' title='bbox 389 1877 411 1899; x_wconf 65' lang='lat'>&gt;³</span> <span class='ocrx_word' id='word_1_202' title='bbox 436 1856 633 1912; x_wconf 80' lang='lat' dir='ltr'>mortuis,</span> <span class='ocrx_word' id='word_1_203' title='bbox 656 1854 831 1900; x_wconf 84' lang='lat' dir='ltr'>habitat</span> <span class='ocrx_word' id='word_1_204' title='bbox 847 1854 892 1898; x_wconf 93' lang='lat' dir='ltr'>in</span> <span class='ocrx_word' id='word_1_205' title='bbox 919 1853 1069 1907; x_wconf 80' lang='lat' dir='ltr'>vobis3</span> <span class='ocrx_word' id='word_1_206' title='bbox 1093 1854 1168 1917; x_wconf 86' lang='lat' dir='ltr'>qui</span> <span class='ocrx_word' id='word_1_207' title='bbox 1187 1855 1411 1900; x_wconf 82' lang='lat' dir='ltr'>suscitavit</span> <span class='ocrx_word' id='word_1_208' title='bbox 1435 1855 1658 1901; x_wconf 82' lang='lat' dir='ltr'>Christum</span> <span class='ocrx_word' id='word_1_209' title='bbox 1686 1856 1763 1900; x_wconf 89' lang='lat' dir='ltr'>Je-</span> 
     </span>
     <span class='ocr_line' id='line_1_25' title="bbox 390 1923 1763 1988; baseline 0.001 -18"><span class='ocrx_word' id='word_1_210' title='bbox 390 1947 411 1968; x_wconf 83' lang='grc'>»</span> <span class='ocrx_word' id='word_1_211' title='bbox 436 1943 531 1972; x_wconf 88' lang='lat' dir='ltr'>sum</span> <span class='ocrx_word' id='word_1_212' title='bbox 550 1943 571 1971; x_wconf 85' lang='lat' dir='ltr'>a</span> <span class='ocrx_word' id='word_1_213' title='bbox 584 1924 782 1980; x_wconf 84' lang='lat' dir='ltr'>mortuis,</span> <span class='ocrx_word' id='word_1_214' title='bbox 803 1923 1049 1969; x_wconf 86' lang='lat' dir='ltr'>vivificabit</span> <span class='ocrx_word' id='word_1_215' title='bbox 1065 1934 1108 1968; x_wconf 86' lang='lat' dir='ltr'>et</span> <span class='ocrx_word' id='word_1_216' title='bbox 1127 1923 1326 1969; x_wconf 88' lang='lat' dir='ltr'>mortalia</span> <span class='ocrx_word' id='word_1_217' title='bbox 1344 1941 1526 1988; x_wconf 86' lang='lat' dir='ltr'>corpora</span> <span class='ocrx_word' id='word_1_218' title='bbox 1538 1935 1678 1971; x_wconf 81' lang='lat' dir='ltr'>vestra</span> <span class='ocrx_word' id='word_1_219' title='bbox 1692 1925 1725 1972; x_wconf 77' lang='lat'>3.</span> <span class='ocrx_word' id='word_1_220' title='bbox 1743 1945 1763 1966; x_wconf 75' lang='lat'>&gt;³</span> 
     </span>
     <span class='ocr_line' id='line_1_26' title="bbox 393 1993 1762 2055; baseline 0.001 -17"><span class='ocrx_word' id='word_1_221' title='bbox 393 1996 514 2052; x_wconf 83' lang='lat' dir='ltr'>Quid</span> <span class='ocrx_word' id='word_1_222' title='bbox 549 1995 731 2041; x_wconf 64' lang='lat' dir='ltr'>timetis?</span> <span class='ocrx_word' id='word_1_223' title='bbox 760 1993 880 2050; x_wconf 88' lang='lat' dir='ltr'>Quid</span> <span class='ocrx_word' id='word_1_224' title='bbox 906 1993 1036 2039; x_wconf 86' lang='lat' dir='ltr'>etiam</span> <span class='ocrx_word' id='word_1_225' title='bbox 1060 2011 1142 2053; x_wconf 80' lang='lat' dir='ltr'>pro</span> <span class='ocrx_word' id='word_1_226' title='bbox 1167 1995 1259 2055; x_wconf 85' lang='lat' dir='ltr'>ipsa</span> <span class='ocrx_word' id='word_1_227' title='bbox 1289 2011 1417 2039; x_wconf 82' lang='lat' dir='ltr'>carne</span> <span class='ocrx_word' id='word_1_228' title='bbox 1445 1995 1617 2040; x_wconf 87' lang='lat' dir='ltr'>solliciti</span> <span class='ocrx_word' id='word_1_229' title='bbox 1638 1995 1762 2040; x_wconf 74' lang='lat' dir='ltr'>estis?</span> 
     </span>
     <span class='ocr_line' id='line_1_27' title="bbox 393 2061 1764 2127; baseline 0.002 -21"><span class='ocrx_word' id='word_1_230' title='bbox 393 2087 415 2106; x_wconf 90' lang='lat'>«</span> <span class='ocrx_word' id='word_1_231' title='bbox 441 2066 640 2127; x_wconf 78' lang='lat' dir='ltr'>Capillus</span> <span class='ocrx_word' id='word_1_232' title='bbox 661 2064 816 2125; x_wconf 83' lang='lat' dir='ltr'>capitis</span> <span class='ocrx_word' id='word_1_233' title='bbox 835 2061 963 2107; x_wconf 85' lang='lat' dir='ltr'>vestri</span> <span class='ocrx_word' id='word_1_234' title='bbox 986 2077 1074 2104; x_wconf 86' lang='lat' dir='ltr'>non</span> <span class='ocrx_word' id='word_1_235' title='bbox 1096 2062 1260 2123; x_wconf 83' lang='lat' dir='ltr'>peribit</span> <span class='ocrx_word' id='word_1_236' title='bbox 1283 2062 1316 2106; x_wconf 56' lang='grc' dir='ltr'>Δ.</span> <span class='ocrx_word' id='word_1_237' title='bbox 1342 2082 1362 2101; x_wconf 79' lang='grc'>&gt;&gt;</span> <span class='ocrx_word' id='word_1_238' title='bbox 1382 2061 1520 2107; x_wconf 85' lang='lat' dir='ltr'>Adam</span> <span class='ocrx_word' id='word_1_239' title='bbox 1541 2063 1764 2126; x_wconf 83' lang='lat' dir='ltr'>peccando</span> 
     </span>
     <span class='ocr_line' id='line_1_28' title="bbox 395 2130 1765 2192; baseline -0.001 -12"><span class='ocrx_word' id='word_1_240' title='bbox 395 2133 619 2180; x_wconf 82' lang='lat' dir='ltr'>damnavit</span> <span class='ocrx_word' id='word_1_241' title='bbox 654 2132 699 2177; x_wconf 87' lang='lat' dir='ltr'>in</span> <span class='ocrx_word' id='word_1_242' title='bbox 723 2141 905 2176; x_wconf 86' lang='lat' dir='ltr'>mortem</span> <span class='ocrx_word' id='word_1_243' title='bbox 928 2146 1110 2192; x_wconf 88' lang='lat' dir='ltr'>corpora</span> <span class='ocrx_word' id='word_1_244' title='bbox 1140 2140 1277 2175; x_wconf 85' lang='lat' dir='ltr'>vestra</span> <span class='ocrx_word' id='word_1_245' title='bbox 1303 2146 1313 2173; x_wconf 91' lang='lat'><strong>:</strong></span> <span class='ocrx_word' id='word_1_246' title='bbox 1343 2130 1415 2175; x_wconf 88' lang='lat' dir='ltr'>sed</span> <span class='ocrx_word' id='word_1_247' title='bbox 1440 2131 1578 2189; x_wconf 80' lang='lat' dir='ltr'>Jesus,</span> <span class='ocrx_word' id='word_1_248' title='bbox 1599 2154 1620 2174; x_wconf 86' lang='lat'>«</span> <span class='ocrx_word' id='word_1_249' title='bbox 1643 2132 1688 2178; x_wconf 82' lang='lat' dir='ltr'>Si</span> <span class='ocrx_word' id='word_1_250' title='bbox 1704 2142 1765 2178; x_wconf 87' lang='lat' dir='ltr'>est</span> 
     </span>
     <span class='ocr_line' id='line_1_29' title="bbox 396 2198 1765 2268; baseline 0.002 -23"><span class='ocrx_word' id='word_1_251' title='bbox 396 2226 416 2246; x_wconf 80' lang='lat'>»</span> <span class='ocrx_word' id='word_1_252' title='bbox 445 2204 632 2268; x_wconf 84' lang='lat' dir='ltr'>Spiritus</span> <span class='ocrx_word' id='word_1_253' title='bbox 663 2206 753 2261; x_wconf 81' lang='lat' dir='ltr'>ejus</span> <span class='ocrx_word' id='word_1_254' title='bbox 774 2201 820 2246; x_wconf 91' lang='lat' dir='ltr'>in</span> <span class='ocrx_word' id='word_1_255' title='bbox 841 2200 965 2247; x_wconf 79' lang='lat' dir='ltr'>vobis</span> <span class='ocrx_word' id='word_1_256' title='bbox 983 2236 993 2255; x_wconf 86' lang='lat'>‚</span> <span class='ocrx_word' id='word_1_257' title='bbox 1020 2198 1264 2245; x_wconf 85' lang='lat' dir='ltr'>vivificabit</span> <span class='ocrx_word' id='word_1_258' title='bbox 1293 2209 1335 2244; x_wconf 87' lang='lat' dir='ltr'>et</span> <span class='ocrx_word' id='word_1_259' title='bbox 1359 2201 1557 2246; x_wconf 85' lang='lat' dir='ltr'>mortalia</span> <span class='ocrx_word' id='word_1_260' title='bbox 1584 2219 1765 2266; x_wconf 84' lang='lat' dir='ltr'>corpora</span> 
     </span>
    </p>
   </div>
   <div class='ocr_carea' id='block_1_6' title="bbox 1790 2138 1796 2288">
    <p class='ocr_par' dir='ltr' id='par_1_7' title="bbox 1790 2138 1796 2288">
     <span class='ocr_line' id='line_1_30' title="bbox 1790 2138 1796 2288; baseline 0 953"><span class='ocrx_word' id='word_1_261' title='bbox 1790 2138 1796 2288; x_wconf 95' lang='lat' dir='ltr'> </span> 
     </span>
    </p>
   </div>
   <div class='ocr_carea' id='block_1_7' title="bbox 1822 2227 1827 2246">
    <p class='ocr_par' dir='ltr' id='par_1_8' title="bbox 1822 2227 1827 2246">
     <span class='ocr_line' id='line_1_31' title="bbox 1822 2227 1827 2246; baseline 0 0"><span class='ocrx_word' id='word_1_262' title='bbox 1822 2227 1827 2246; x_wconf 73' lang='lat' dir='ltr'>i</span> 
     </span>
    </p>
   </div>
   <div class='ocr_carea' id='block_1_8' title="bbox 400 2268 1827 2396">
    <p class='ocr_par' dir='ltr' id='par_1_9' title="bbox 400 2268 1827 2396">
     <span class='ocr_line' id='line_1_32' title="bbox 400 2268 1827 2396; baseline -0.002 -79"><span class='ocrx_word' id='word_1_263' title='bbox 400 2296 421 2317; x_wconf 77' lang='lat'>»</span> <span class='ocrx_word' id='word_1_264' title='bbox 444 2284 611 2327; x_wconf 82' lang='lat' dir='ltr'>vestra3</span> <span class='ocrx_word' id='word_1_265' title='bbox 632 2294 652 2314; x_wconf 75' lang='lat' dir='ltr'>D</span> <span class='ocrx_word' id='word_1_266' title='bbox 676 2271 776 2334; x_wconf 87' lang='lat' dir='ltr'>quia</span> <span class='ocrx_word' id='word_1_267' title='bbox 796 2287 921 2315; x_wconf 90' lang='lat' dir='ltr'>suum</span> <span class='ocrx_word' id='word_1_268' title='bbox 940 2268 1191 2327; x_wconf 84' lang='lat' dir='ltr'>sanguinem</span> <span class='ocrx_word' id='word_1_269' title='bbox 1209 2268 1330 2313; x_wconf 88' lang='lat' dir='ltr'>dedit</span> <span class='ocrx_word' id='word_1_270' title='bbox 1348 2287 1428 2332; x_wconf 82' lang='lat' dir='ltr'>pro</span> <span class='ocrx_word' id='word_1_271' title='bbox 1452 2270 1587 2316; x_wconf 85' lang='lat' dir='ltr'>salute</span> <span class='ocrx_word' id='word_1_272' title='bbox 1606 2282 1758 2318; x_wconf 83' lang='lat' dir='ltr'>vestra.</span> <span class='ocrx_word' id='word_1_273' title='bbox 1787 2290 1793 2396; x_wconf 66' lang='grc' dir='ltr'>Ι</span> <span class='ocrx_word' id='word_1_274' title='bbox 1826 2308 1827 2314; x_wconf 71' lang='grc'>,</span> 
     </span>
    </p>
   </div>
   <div class='ocr_carea' id='block_1_9' title="bbox 394 2338 1791 2546">
    <p class='ocr_par' dir='ltr' id='par_1_10' title="bbox 394 2338 1791 2546">
     <span class='ocr_line' id='line_1_33' title="bbox 399 2338 1765 2401; baseline -0.001 -14"><span class='ocrx_word' id='word_1_275' title='bbox 399 2344 665 2389; x_wconf 87' lang='lat' dir='ltr'>Promissum</span> <span class='ocrx_word' id='word_1_276' title='bbox 706 2340 830 2386; x_wconf 84' lang='lat' dir='ltr'>reddi</span> <span class='ocrx_word' id='word_1_277' title='bbox 862 2338 1038 2384; x_wconf 85' lang='lat' dir='ltr'>dubitas</span> <span class='ocrx_word' id='word_1_278' title='bbox 1059 2374 1070 2394; x_wconf 77' lang='grc'><em>,</em></span> <span class='ocrx_word' id='word_1_279' title='bbox 1103 2338 1177 2400; x_wconf 91' lang='lat' dir='ltr'>qui</span> <span class='ocrx_word' id='word_1_280' title='bbox 1208 2338 1293 2382; x_wconf 87' lang='lat' dir='ltr'>tale</span> <span class='ocrx_word' id='word_1_281' title='bbox 1321 2340 1478 2401; x_wconf 83' lang='lat' dir='ltr'>pignus</span> <span class='ocrx_word' id='word_1_282' title='bbox 1516 2344 1660 2386; x_wconf 62' lang='lat' dir='ltr'>tenes?</span> <span class='ocrx_word' id='word_1_283' title='bbox 1695 2340 1765 2386; x_wconf 88' lang='lat' dir='ltr'>Sic</span> 
     </span>
     <span class='ocr_line' id='line_1_34' title="bbox 394 2397 1791 2474; baseline -0.002 -15"><span class='ocrx_word' id='word_1_284' title='bbox 394 2430 513 2472; x_wconf 77' lang='lat' dir='ltr'>orgo,</span> <span class='ocrx_word' id='word_1_285' title='bbox 536 2413 688 2467; x_wconf 77' lang='lat' dir='ltr'>homo,</span> <span class='ocrx_word' id='word_1_286' title='bbox 713 2428 802 2456; x_wconf 88' lang='grc'>11011</span> <span class='ocrx_word' id='word_1_287' title='bbox 822 2409 902 2455; x_wconf 84' lang='lat' dir='ltr'>crit</span> <span class='ocrx_word' id='word_1_288' title='bbox 925 2408 1075 2453; x_wconf 88' lang='lat' dir='ltr'>mortis</span> <span class='ocrx_word' id='word_1_289' title='bbox 1096 2407 1169 2453; x_wconf 92' lang='lat' dir='ltr'>illa</span> <span class='ocrx_word' id='word_1_290' title='bbox 1196 2409 1433 2465; x_wconf 83' lang='lat' dir='ltr'>contentio,</span> <span class='ocrx_word' id='word_1_291' title='bbox 1465 2410 1525 2455; x_wconf 87' lang='lat' dir='ltr'>sic</span> <span class='ocrx_word' id='word_1_292' title='bbox 1556 2409 1764 2474; x_wconf 87' lang='lat' dir='ltr'>implebi-</span> <span class='ocrx_word' id='word_1_293' title='bbox 1786 2397 1791 2470; x_wconf 68' lang='lat' dir='ltr'>l</span> 
     </span>
     <span class='ocr_line' id='line_1_35' title="bbox 399 2471 1789 2546; baseline -0.003 -17"><span class='ocrx_word' id='word_1_294' title='bbox 399 2495 474 2529; x_wconf 84' lang='lat' dir='ltr'>tur</span> <span class='ocrx_word' id='word_1_295' title='bbox 496 2483 615 2546; x_wconf 89' lang='lat' dir='ltr'>quod</span> <span class='ocrx_word' id='word_1_296' title='bbox 637 2482 804 2528; x_wconf 89' lang='lat' dir='ltr'>dictum</span> <span class='ocrx_word' id='word_1_297' title='bbox 828 2491 890 2525; x_wconf 77' lang='lat' dir='ltr'>cst</span> <span class='ocrx_word' id='word_1_298' title='bbox 911 2497 921 2524; x_wconf 76' lang='grc' dir='ltr'>ε</span> <span class='ocrx_word' id='word_1_299' title='bbox 952 2500 972 2519; x_wconf 88' lang='lat'>«</span> <span class='ocrx_word' id='word_1_300' title='bbox 1002 2479 1129 2523; x_wconf 85' lang='lat' dir='ltr'>Miser</span> <span class='ocrx_word' id='word_1_301' title='bbox 1149 2494 1224 2537; x_wconf 82' lang='lat' dir='ltr'>ego</span> <span class='ocrx_word' id='word_1_302' title='bbox 1249 2477 1381 2523; x_wconf 90' lang='lat' dir='ltr'>homo</span> <span class='ocrx_word' id='word_1_303' title='bbox 1400 2514 1411 2535; x_wconf 83' lang='lat'><strong>,</strong></span> <span class='ocrx_word' id='word_1_304' title='bbox 1443 2480 1538 2541; x_wconf 89' lang='lat' dir='ltr'>quis</span> <span class='ocrx_word' id='word_1_305' title='bbox 1561 2496 1628 2525; x_wconf 87' lang='lat' dir='ltr'>me</span> <span class='ocrx_word' id='word_1_306' title='bbox 1650 2479 1765 2525; x_wconf 88' lang='lat' dir='ltr'>libe-</span> <span class='ocrx_word' id='word_1_307' title='bbox 1786 2471 1789 2495; x_wconf 79' lang='lat'>¹</span> 
     </span>
    </p>
   </div>
   <div class='ocr_carea' id='block_1_10' title="bbox 397 2573 1764 2675">
    <p class='ocr_par' dir='ltr' id='par_1_11' title="bbox 397 2573 1764 2675">
     <span class='ocr_line' id='line_1_36' title="bbox 446 2573 1764 2621; baseline -0.006 -7"><span class='ocrx_word' id='word_1_308' title='bbox 446 2583 456 2604; x_wconf 87' lang='lat'><strong>¹</strong></span> <span class='ocrx_word' id='word_1_309' title='bbox 491 2585 587 2614; x_wconf 80' lang='lat' dir='ltr'>Rom.</span> <span class='ocrx_word' id='word_1_310' title='bbox 616 2591 675 2613; x_wconf 74' lang='lat' dir='ltr'>vm</span> <span class='ocrx_word' id='word_1_311' title='bbox 694 2604 703 2621; x_wconf 88' lang='lat'>,</span> <span class='ocrx_word' id='word_1_312' title='bbox 739 2592 786 2612; x_wconf 84' lang='grc' dir='ltr'>ιο.</span> <span class='ocrx_word' id='word_1_313' title='bbox 816 2596 848 2604; x_wconf 88' lang='lat'>--</span> <span class='ocrx_word' id='word_1_314' title='bbox 879 2578 893 2600; x_wconf 70' lang='lat'>&#39;²</span> <span class='ocrx_word' id='word_1_315' title='bbox 921 2578 1036 2621; x_wconf 71' lang='lat' dir='ltr'>Eplus.</span> <span class='ocrx_word' id='word_1_316' title='bbox 1061 2587 1091 2615; x_wconf 70' lang='lat' dir='ltr'>v,</span> <span class='ocrx_word' id='word_1_317' title='bbox 1115 2587 1158 2617; x_wconf 72' lang='lat'>29</span> <span class='ocrx_word' id='word_1_318' title='bbox 1189 2588 1230 2600; x_wconf 55' lang='lat'>*—</span> <span class='ocrx_word' id='word_1_319' title='bbox 1255 2573 1269 2598; x_wconf 72' lang='lat'><strong>3</strong></span> <span class='ocrx_word' id='word_1_320' title='bbox 1298 2577 1391 2609; x_wconf 80' lang='lat' dir='ltr'>Rom.</span> <span class='ocrx_word' id='word_1_321' title='bbox 1413 2588 1496 2618; x_wconf 81' lang='lat' dir='ltr'>vm,</span> <span class='ocrx_word' id='word_1_322' title='bbox 1522 2589 1572 2611; x_wconf 86' lang='lat'>11.</span> <span class='ocrx_word' id='word_1_323' title='bbox 1591 2594 1636 2602; x_wconf 86' lang='lat'>—-</span> <span class='ocrx_word' id='word_1_324' title='bbox 1656 2576 1670 2600; x_wconf 77' lang='lat'><strong>⁴</strong></span> <span class='ocrx_word' id='word_1_325' title='bbox 1688 2581 1764 2612; x_wconf 73' lang='lat' dir='ltr'>Luc,</span> 
     </span>
     <span class='ocr_line' id='line_1_37' title="bbox 397 2645 530 2675; baseline -0.008 -8"><span class='ocrx_word' id='word_1_326' title='bbox 397 2645 466 2674; x_wconf 71' lang='lat' dir='ltr'>Mt,</span> <span class='ocrx_word' id='word_1_327' title='bbox 501 2647 530 2675; x_wconf 66' lang='grc' dir='ltr'>ς.</span> 
     </span>
    </p>
   </div>
   <div class='ocr_carea' id='block_1_11' title="bbox 1770 2543 1788 3241">
    <p class='ocr_par' dir='ltr' id='par_1_12' title="bbox 1770 2506 1788 3241">
     <span class='ocr_line' id='line_1_38' title="bbox 1781 2543 1788 2749; baseline 0 -87"><span class='ocrx_word' id='word_1_328' title='bbox 1781 2543 1788 2749; x_wconf 57' lang='lat'>3¹</span> 
     </span>
     <span class='ocr_line' id='line_1_39' title="bbox 1777 2794 1783 2950; baseline 0 -120"><span class='ocrx_word' id='word_1_329' title='bbox 1777 2794 1783 2950; x_wconf 58' lang='lat' dir='ltr'>l</span> 
     </span>
     <span class='ocr_line' id='line_1_40' title="bbox 1774 2954 1779 3070; baseline 0 0"><span class='ocrx_word' id='word_1_330' title='bbox 1774 2954 1779 3070; x_wconf 68' lang='grc'>1</span> 
     </span>
     <span class='ocr_line' id='line_1_41' title="bbox 1770 3097 1776 3241; baseline 0 -3"><span class='ocrx_word' id='word_1_331' title='bbox 1770 3097 1776 3241; x_wconf 71' lang='lat' dir='ltr'>s</span> 
     </span>
    </p>
   </div>
   <div class='ocr_carea' id='block_1_12' title="bbox 1848 940 1861 1870">
    <p class='ocr_par' dir='ltr' id='par_1_13' title="bbox 1848 940 1861 1870">
     <span class='ocr_line' id='line_1_42' title="bbox 1848 940 1861 1870; baseline 0 0"><span class='ocrx_word' id='word_1_332' title='bbox 1848 940 1861 1870; x_wconf 95' lang='lat' dir='ltr'> </span> 
     </span>
    </p>
   </div>
   <div class='ocr_carea' id='block_1_13' title="bbox 1848 940 1861 1870">
    <p class='ocr_par' dir='ltr' id='par_1_14' title="bbox 1848 940 1861 1870">
     <span class='ocr_line' id='line_1_43' title="bbox 1848 940 1861 1870; baseline 0 0"><span class='ocrx_word' id='word_1_333' title='bbox 1848 940 1861 1870; x_wconf 95' lang='lat' dir='ltr'> </span> 
     </span>
    </p>
   </div>
   <div class='ocr_carea' id='block_1_14' title="bbox 1849 940 1859 1870">
    <p class='ocr_par' dir='ltr' id='par_1_15' title="bbox 1849 940 1859 1870">
     <span class='ocr_line' id='line_1_44' title="bbox 1849 940 1859 1870; baseline 0 0"><span class='ocrx_word' id='word_1_334' title='bbox 1849 940 1859 1870; x_wconf 95' lang='lat' dir='ltr'> </span> 
     </span>
    </p>
   </div>
   <div class='ocr_carea' id='block_1_15' title="bbox 1840 940 1860 1871">
    <p class='ocr_par' dir='ltr' id='par_1_16' title="bbox 1840 940 1860 1871">
     <span class='ocr_line' id='line_1_45' title="bbox 1840 940 1860 1871; baseline 0 0"><span class='ocrx_word' id='word_1_335' title='bbox 1840 940 1860 1871; x_wconf 95' lang='lat' dir='ltr'> </span> 
     </span>
    </p>
   </div>
   <div class='ocr_carea' id='block_1_16' title="bbox 1842 940 1861 1872">
    <p class='ocr_par' dir='ltr' id='par_1_17' title="bbox 1842 940 1861 1872">
     <span class='ocr_line' id='line_1_46' title="bbox 1842 940 1861 1872; baseline 0 0"><span class='ocrx_word' id='word_1_336' title='bbox 1842 940 1861 1872; x_wconf 95' lang='lat' dir='ltr'> </span> 
     </span>
    </p>
   </div>
   <div class='ocr_carea' id='block_1_17' title="bbox 1836 1900 1866 2228">
    <p class='ocr_par' dir='ltr' id='par_1_18' title="bbox 1836 1900 1866 2228">
     <span class='ocr_line' id='line_1_47' title="bbox 1840 1900 1863 1945; baseline 0 0"><span class='ocrx_word' id='word_1_337' title='bbox 1840 1900 1863 1945; x_wconf 90' lang='grc'>1</span> 
     </span>
     <span class='ocr_line' id='line_1_48' title="bbox 1839 1961 1866 2014; baseline 0 0"><span class='ocrx_word' id='word_1_338' title='bbox 1839 1961 1866 2014; x_wconf 55' lang='lat' dir='ltr'>m</span> 
     </span>
     <span class='ocr_line' id='line_1_49' title="bbox 1838 2052 1864 2085; baseline 0.077 -2"><span class='ocrx_word' id='word_1_339' title='bbox 1838 2065 1839 2073; x_wconf 53' lang='lat'>1</span> <span class='ocrx_word' id='word_1_340' title='bbox 1850 2052 1864 2085; x_wconf 71' lang='lat' dir='ltr'>vl</span> 
     </span>
     <span class='ocr_line' id='line_1_50' title="bbox 1849 2111 1866 2155; baseline 0 -1"><span class='ocrx_word' id='word_1_341' title='bbox 1849 2111 1866 2155; x_wconf 59' lang='lat' dir='ltr'>sii</span> 
     </span>
     <span class='ocr_line' id='line_1_51' title="bbox 1836 2192 1866 2228; baseline 0.167 -5"><span class='ocrx_word' id='word_1_342' title='bbox 1836 2192 1866 2228; x_wconf 62' lang='lat' dir='ltr'>rest</span> 
     </span>
    </p>
   </div>
   <div class='ocr_carea' id='block_1_18' title="bbox 1847 2270 1866 2304">
    <p class='ocr_par' dir='ltr' id='par_1_19' title="bbox 1847 2270 1866 2304">
     <span class='ocr_line' id='line_1_52' title="bbox 1847 2270 1866 2304; baseline 0 0"><span class='ocrx_word' id='word_1_343' title='bbox 1847 2270 1850 2291; x_wconf 90' lang='lat'>¹</span> <span class='ocrx_word' id='word_1_344' title='bbox 1859 2276 1866 2304; x_wconf 69' lang='lat' dir='ltr'>t</span> 
     </span>
    </p>
   </div>
  </div>
 </body>
</html>
