1866 3241
372 342 462 399 (58st
794 359 828 388 s.
870 355 1112 387 Atmusrrat
1149 358 1350 388 EPISCoPt

438 423 521 469 III.
554 421 759 481 Agnoscis
782 422 1075 485 phreneticos,
1103 434 1331 482 agnosceet
1351 424 1582 471 medicum.
1614 445 1634 465 «
1653 425 1742 470 Pa*

374 515 395 537 »
420 505 503 550 ter,
532 493 702 553 ignosce
735 491 819 538 illis
837 530 848 549 ‚
880 494 981 556 quia
1011 493 1209 538 nesciunt
1230 493 1335 557 quid
1362 494 1529 541 faciunt
1550 495 1580 542 1.
1619 517 1639 537 υ
1675 495 1744 541 llli

373 564 544 629 perdita
571 573 712 609 mente
735 564 986 619 saeviebant.
1013 574 1055 607 et
1078 563 1235 609 medici
1261 565 1509 624 sanguinem
1531 565 1746 611 saeviendo

375 635 620 681 fundebant
642 652 652 679 z
679 634 749 679 ille
777 645 919 679 autem
945 634 1074 679 etiam
1099 634 1151 678 de
1177 634 1270 697 ipso
1292 635 1495 695 sanguine
1519 653 1594 681 suo
1615 653 1747 696 aegro-

376 706 430 752 tis
458 705 770 751 medicamenta
806 704 1008 751 faciebat.
1042 705 1076 748 N
1085 721 1140 749 011
1163 704 1278 749 enim
1305 722 1402 750 vere
1424 705 1581 751 frustra
1605 705 1710 751 dixit
1733 723 1744 750 ε

377 799 398 819 «
422 777 568 832 Pater,
589 776 760 835 ignosce
784 775 886 831 iltis,
907 776 1008 838 quia
1032 775 1231 820 nesciunt
1255 775 1362 838 quid
1385 775 1565 823 faciunt.
1599 797 1619 817 »
1641 776 1750 821 Orat
1794 828 1796 830 v

380 848 671 903 Christianus,
703 857 744 891 et
767 846 990 892 exauditur
1009 867 1019 900 3
1049 856 1142 891 orat
1164 846 1381 903 Christus,
1413 857 1455 892 et
1478 865 1564 892 non
1582 847 1751 893 exaudi-

378 922 478 964 tur?
506 918 617 963 Nam
642 917 716 980 qui
745 917 917 963 exaudit
945 935 1045 963 cum
1069 918 1196 962 Patre
1215 955 1225 974 ,
1254 918 1354 980 quia
1382 918 1496 963 Deus
1520 927 1581 963 est
1603 956 1613 974 ‚
1637 934 1751 981 quo-

379 988 510 1034 modo
534 1005 621 1033 non
645 987 870 1033 exauditur
899 988 1050 1043 homo,
1078 987 1196 1050 quod
1231 1004 1311 1050 pro
1338 988 1465 1033 nobis
1495 987 1635 1033 factus
1658 990 1751 1033 est?

379 1063 560 1108 Prorsus
583 1058 811 1104 exauditus
841 1071 916 1105 est.
948 1059 1017 1104 lbi
1042 1069 1188 1115 erant,
1218 1059 1282 1103 ibi
1303 1059 1541 1104 saeviebant
1565 1076 1575 1103 :
1604 1059 1656 1104 de
1685 1058 1755 1103 his
1812 1056 1814 1067 '

385 1140 509 1177 erant
536 1130 611 1193 qui
647 1129 1029 1193 reprehendebant
1064 1147 1186 1185 eum,
1224 1140 1265 1174 et
1299 1128 1505 1174 dicebant
1541 1147 1552 1173 ε
1584 1151 1603 1171 c<
1642 1130 1755 1174 Eece

384 1223 405 1243 n
429 1218 530 1246 cum
559 1199 808 1263 publicanis
836 1210 877 1245 et
904 1200 1209 1263 peccatoribus
1233 1199 1548 1246 convescitur2.
1577 1220 1599 1241 ›>
1622 1200 1757 1244 Erant

382 1272 430 1319 in
453 1272 547 1336 ipso
583 1270 774 1335 popu10‚
811 1289 834 1316 a
857 1288 943 1334 quo
975 1271 1067 1334 ipse
1102 1271 1295 1316 medicus
1327 1269 1627 1326 occidebatur,
1650 1269 1758 1315 etin
1818 1261 1825 1315 ,ἶ
1859 1276 1862 1291 ¹

384 1346 476 1402 ejtts
515 1342 720 1401 sanguine
755 1342 882 1387 etiam
927 1341 1030 1404 ipsis
1076 1341 1319 1387 antidotum
1355 1340 1607 1403 parabatur.
1646 1340 1759 1384 Cum
1812 1393 1822 1405 Γ

385 1413 500 1458 enim
526 1411 734 1457 Dominus
758 1429 847 1457 non
866 1411 1006 1456 solum
1044 1411 1294 1471 sanguinem
1319 1409 1519 1455 funderet
1535 1447 1546 1466 ,
1583 1426 1760 1456 verum-
1823 1434 1827 1446 ⁴
1863 1428 1866 1439 ⁴

387 1484 519 1528 etiam
541 1482 681 1545 ipsam
702 1498 825 1526 suam
842 1492 1026 1527 mortem
1047 1481 1101 1527 ad
1129 1481 1434 1526 medicamenti
1449 1479 1760 1525 confectionem

387 1551 658 1616 impenderet
680 1569 690 1596 ε
711 1552 937 1597 resurrexit
955 1551 1010 1596 ad
1034 1550 1419 1597 demonstrandum
1441 1549 1763 1595 resurrectionis
1825 1549 1827 1554 ’

388 1622 644 1685 exemplum.
682 1622 897 1667 Patientia
926 1639 1000 1666 sua
1033 1639 1181 1685 passus
1204 1631 1289 1677 est,
1319 1631 1366 1665 ut
1391 1620 1563 1665 doceret
1587 1621 1764 1684 patien-

386 1693 492 1738 tiam
519 1702 709 1736 nostram
729 1711 740 1744 3
771 1701 812 1736 et
841 1692 886 1736 in
909 1692 1219 1736 resurrectione
1243 1708 1318 1735 sua
1342 1691 1570 1753 praemium
1600 1691 1765 1754 patien-

387 1763 460 1808 tiae
479 1761 803 1808 demonstravit.
838 1762 965 1817 Item,
998 1772 1045 1807 ut
1070 1762 1218 1817 nostis,
1255 1771 1296 1806 et
1316 1777 1462 1805 omnes
1489 1762 1762 1815 confitemur,

391 1832 584 1879 aseendit
623 1833 667 1877 in
704 1831 891 1888 coelum,
930 1831 1085 1877 deinde
1119 1832 1174 1876 ab
1209 1848 1258 1876 eo
1290 1831 1477 1894 Spiritus
1508 1842 1678 1876 sanctus
1707 1841 1768 1875 est

392 1903 545 1948 missus
568 1939 578 1953 q
617 1912 715 1947 ante
737 1902 989 1964 promissus,
1027 1902 1201 1947 Dixerat
1233 1901 1347 1946 enim
1370 1901 1608 1963 Discipulis
1633 1901 1720 1946 suis
1753 1918 1764 1944 ι

393 1994 413 2013 «
440 1972 592 2018 Sedete
611 1972 655 2017 in
676 1973 869 2028 civitate,
903 1971 1040 2017 donec
1064 1972 1307 2017 induamini
1334 1971 1493 2017 virtute
1512 1988 1557 2018 ex
1584 1970 1670 2016 alto
1689 1970 1720 2017 3.
1749 1991 1769 2010 ³>

393 2043 521 2088 Venit
543 2059 666 2102 ergo,
693 2054 735 2088 et
759 2043 986 2106 promissio
1016 2043 1175 2106 ipsius,
1202 2042 1320 2089 venit
1349 2042 1537 2105 Spiritus
1566 2051 1737 2086 sanetus
1757 2077 1766 2092 ,
1814 2057 1816 2073 1

395 2114 594 2177 implevit
609 2114 872 2178 Discipulos,
897 2124 1128 2177 eoeperunt
1145 2114 1265 2176 loqui
1283 2113 1440 2173 linguis
1451 2113 1643 2158 omnium
1666 2129 1772 2171 gen—

397 2183 536 2230 [111111Δ
564 2203 574 2230 :
602 2185 770 2243 signum
800 2185 843 2229 in
866 2184 948 2229 iltis
981 2183 1243 2248 procedebat.
1267 2183 1456 2229 unitatis.
1490 2182 1773 2245 Loquebatur

396 2257 511 2302 enim
547 2266 649 2301 tunc
677 2273 788 2300 unus
818 2255 951 2300 homo
984 2255 1186 2301 omnibus
1215 2255 1400 2313 linguis3
1439 2253 1542 2316 quia
1576 2253 1774 2297 locutura

395 2336 486 2371 erat
513 2326 656 2370 unitas
683 2325 886 2370 Ecclesiae
909 2326 953 2370 in
979 2325 1181 2369 omnibns
1199 2324 1370 2384 linguis.
1401 2324 1676 2385 Expaverunt,
1699 2322 1774 2384 qui
1814 2328 1816 2332 ’
1865 2335 1866 2348 ¹

396 2395 646 2442 audiebant.
680 2396 901 2441 Noveram:
925 2396 1036 2440 enim
1060 2395 1258 2439 homines
1287 2394 1443 2439 idiotas
1464 2391 1591 2437 fuisse
1607 2429 1617 2447 ‚
1648 2391 1774 2436 unius

398 2474 570 2510 tantum
594 2466 777 2526 linguan
801 2476 841 2510 et
867 2465 1140 2510 mirabantur
1159 2481 1208 2510 ac
1233 2464 1484 2526 stupebant,
1513 2461 1631 2524 quod
1652 2461 1777 2506 unius

398 2534 558 2594 linguae
580 2535 794 2592 homines,
816 2534 879 2581 vot
908 2545 954 2579 nt
976 2534 1158 2579 111111111111
1181 2533 1382 2588 duarum,
1404 2531 1563 2590 tinguis
1582 2531 1776 2576 omnium
1814 2562 1817 2576 .

396 2605 591 2665 gentium
614 2605 893 2668 loquerentur
913 2623 923 2650 ε
947 2606 1139 2667 suspensi
1165 2614 1264 2649 sunt.
1284 2615 1473 2666 stupore,
1494 2601 1778 2665 perdiderunt
1815 2612 1818 2669 5·
1862 2614 1865 2623 ·

451 2694 459 2714 ¹
482 2695 556 2726 Luc..
579 2703 675 2734 xxm,
700 2694 752 2728 3‘..
771 2691 843 2716 ——2
863 2695 963 2725 Marc.
986 2704 1020 2736 1¹,
1053 2693 1103 2726 16.
1121 2711 1166 2716 --
1182 2689 1195 2714 3
1214 2695 1288 2724 Luc.
1309 2703 1395 2731 xxxv,
1416 2698 1471 2731 49.
1488 2708 1534 2714 -
1549 2688 1563 2712 ⁴
1586 2693 1656 2725 Act.
1678 2700 1730 2721 xx.
