1866 3241
183 324 326 355 51111110
362 320 547 359 chvm,
586 320 640 350 DE
677 320 833 352 venius
870 321 968 353 Aer.
1012 325 1056 363 x,
1096 324 1189 357 mc.
1307 309 1398 357 253

0 389 4 417 ³
37 372 112 444 lesse
135 388 322 438 difficile.
359 388 422 433 Ex
445 403 531 432 uno
562 387 677 432 enim
702 386 860 433 horreo
876 387 1088 443 vivimus3
1115 390 1217 453 quia
1240 391 1285 438 in
1313 407 1400 438 una

0 460 5 516 ,³
48 462 186 513 amilia
209 475 370 506 sumus.
405 456 536 514 Quod
572 474 671 518 ergo
707 475 784 503 nos
807 469 1012 522 putamus
1038 476 1125 505 esse
1147 460 1272 506 valde
1290 462 1406 508 intus

0 528 5 557 *¹
46 554 74 582 n
90 532 257 588 abdito,
289 528 503 592 forteipse
517 529 592 591 qui
612 529 830 592 promittit
854 530 980 593 ponit
1003 530 1049 575 in
1073 530 1239 587 limine,
1267 542 1314 578 ut
1333 533 1402 578 fa-

1 621 3 625 ’
56 604 184 653 illime
206 601 300 647 dari
334 599 469 664 possit
494 599 758 662 petentibus.
784 599 943 645 Dilexit
975 600 1172 646 inimicos
1193 601 1284 665 ipse
1310 602 1405 647 Do-

0 677 4 685 *
73 675 168 722 inus
212 671 413 718 Christus
441 687 451 714 ε
473 670 666 733 pendens
706 669 820 716 enim
851 670 895 715 in
931 688 1058 716 cruce
1085 671 1145 716 ait
1169 689 1179 716 :
1207 693 1228 713 «
1253 672 1401 728 Pater,

0 740 5 769 ²·
44 745 243 806 >ignosce
272 741 381 797 illis,
420 740 523 804 quia
560 741 759 786 nesciunt
795 741 903 804 quid
934 741 1101 787 faciunt
1119 741 1150 788 1.
1178 763 1199 784 »
1225 742 1408 788 Secutus

0 810 3 838 ἶ
39 827 93 864 {st
109 819 199 876 ejus
219 811 462 876 exemplum
487 811 755 875 Stephanus,
781 829 881 857 cuin
915 812 1082 876 lapides
1101 813 1146 858 in
1168 829 1267 859 eum
1284 817 1410 873 jace-

55 897 203 939 entur3
225 895 268 930 et
284 884 344 930 ait
364 900 374 928 ε
398 904 418 924 «
442 882 644 939 Domine,
664 901 716 928 ne
734 883 990 929 statuasillis
1007 883 1093 929 hoc
1110 883 1320 930 delictum
1338 885 1371 932 ².
1387 905 1409 927 »

76 956 268 1003 ominum
286 953 482 1000 imitatus
510 964 571 998 est
594 970 762 1011 servus,
790 964 839 999 ut
866 971 992 999 nemo
1016 971 1236 1000 servorum
1259 955 1314 1001 sit
1337 955 1413 1019 pi-

0 1022 2 1050 Ῐ
61 1044 127 1083 er,
153 1036 196 1072 et
219 1034 345 1089 putet
381 1024 468 1069 hoc
504 1040 589 1069 esse
607 1023 770 1069 factum
796 1023 915 1087 quod
944 1042 966 1070 a
987 1024 1076 1070 solo
1099 1025 1287 1071 Domino
1318 1026 1412 1072 fieri

0 1096 3 1121 ἶ
67 1107 213 1143 oterat.
243 1096 287 1140 Si
301 1111 399 1154 ergo
416 1093 602 1140 multum
615 1104 676 1139 est
696 1095 750 1140 ad
768 1112 844 1140 nos
860 1094 1019 1140 imitari
1039 1095 1295 1153 Dominum,
1315 1096 1412 1142 imi-

0 1185 4 1192 ·
53 1184 173 1214 emur
200 1182 469 1212 conservum.
510 1165 579 1210 Ad
614 1164 811 1211 eamdem
850 1165 1016 1229 quippe
1056 1167 1237 1226 gratiam
1267 1166 1411 1213 vocati

61 1255 180 1285 mnes
203 1253 364 1283 sumus.
399 1236 544 1292 Quare
564 1253 664 1296 ergo
685 1236 874 1299 antiquis
894 1236 1063 1282 dictum
1089 1247 1150 1282 est
1175 1254 1185 1281 ε
1213 1258 1235 1279 «
1253 1237 1415 1298 Diliges

0 1329 1 1332 ¹
38 1308 320 1373 »proximum
355 1316 478 1352 tuum
498 1343 508 1362 ‚
536 1317 578 1351 et
617 1306 757 1352 oderis
799 1307 1026 1352 inimicum
1073 1310 1228 1353 tuum?
1250 1328 1272 1349 ))
1299 1308 1415 1365 Quia

34 1377 221 1436 ¹ortassis
254 1387 295 1421 et
327 1376 431 1439 ipsis
455 1392 606 1421 verum
635 1375 803 1422 dictum
839 1386 929 1430 est3
953 1376 1028 1422 sed
1063 1377 1190 1422 nobis
1224 1378 1415 1441 apertius

0 1450 1 1474 ³
37 1463 116 1512 pro
132 1457 378 1510 temporum
401 1446 725 1503 distributione,
746 1464 825 1510 per
843 1450 932 1507 eJ‘us
948 1447 1225 1510 praesentiam
1244 1448 1321 1511 qui
1344 1448 1415 1494 vi-

0 1521 1 1524 ’
38 1516 169 1564 debat
189 1515 298 1579 quid
322 1516 483 1579 quibus
508 1515 576 1560 vel
597 1516 829 1575 tegendum
849 1526 955 1561 esset
967 1515 1035 1563 vel
1054 1517 1351 1580 aperiendum.
1373 1518 1419 1564 Si

39 1587 150 1635 enim
170 1587 385 1632 habemus
412 1586 658 1642 inimicum,
682 1603 812 1649 quem
835 1603 1063 1649 nunquam
1085 1586 1262 1647 diligere
1281 1588 1417 1647 jube-

39 1674 164 1711 mur3
185 1667 246 1702 est
267 1667 410 1702 autem
435 1655 636 1701 diabolus
657 1673 667 1700 ε
697 1656 859 1716 Diliges
882 1657 1129 1719 proximum
1154 1666 1279 1703 tuum
1295 1694 1306 1714 ‚
1333 1657 1420 1703 ho-

41 1727 198 1774 minem
215 1747 227 1781 3
246 1737 288 1772 et
300 1726 439 1772 oderis
462 1726 691 1772 inimicum
711 1737 854 1782 tuum,
878 1726 1120 1773 diabolum.
1146 1727 1232 1773 Sed
1248 1727 1352 1791 quia
1374 1727 1420 1773 in

0 1818 3 1826 ·
31 1771 142 1862 lipsis
159 1797 410 1843 hominibus
423 1813 538 1860 saepe
550 1797 736 1842 existunt
758 1796 1003 1842 inimicitiae
1017 1797 1062 1842 in
1077 1797 1230 1843 animis
1250 1815 1418 1854 eorum,

42 1868 117 1932 qui
137 1885 215 1932 per
244 1867 543 1913 infidelitatem
571 1866 679 1912 dant
713 1867 859 1912 locum
906 1866 1107 1923 diabolo,
1139 1877 1181 1912 et
1203 1871 1293 1927 eJ'us
1324 1884 1426 1914 vasa

43 1938 169 1994 fiunt,
191 1946 240 1982 ut
262 1948 466 2001 operetur
480 1937 525 1982 in
544 1937 643 1982 filiis
669 1937 925 1982 diffidentiae
944 1956 955 1990 ;
981 1947 1124 2000 potest
1143 1947 1288 1983 autem
1307 1937 1420 1994 fieri,

46 2017 93 2052 ut
109 2007 326 2070 relinquat
339 2007 472 2052 honio
486 2006 698 2052 malitiam
712 2024 852 2063 suam,
876 2017 919 2052 et
942 2018 1220 2054 convertatur
1246 2007 1301 2054 ad
1327 2009 1421 2053 Do-

44 2077 210 2123 minum
230 2097 241 2131 ;
262 2088 304 2122 et
321 2077 427 2123 dum
451 2077 598 2122 adhuc
624 2077 746 2122 saevit
764 2114 774 2132 ‚
802 2077 908 2122 dum
939 2077 1086 2123 adhuc
1117 2079 1419 2142 persequitur,

46 2145 286 2207 diligendus
313 2159 374 2193 est
390 2185 400 2204 ,
427 2158 470 2192 et
489 2147 704 2192 orandum
729 2164 810 2210 pro
839 2146 913 2193 illo
931 2184 942 2203 ‚
975 2157 1017 2192 et
1039 2147 1150 2192 bene
1173 2148 1236 2193 1111
1255 2149 1422 2194 facien-

46 2214 149 2262 dum
179 2234 190 2261 z
217 2218 278 2263 ita
306 2228 349 2263 et
382 2217 573 2281 primum
613 2227 889 2280 praeceptum
930 2216 1134 2280 implebis
1154 2254 1165 2273 ‚
1193 2227 1241 2263 ut
1275 2217 1430 2279 diligas

47 2287 290 2350 proximum
307 2299 433 2334 tuum
449 2287 691 2343 hominem,
712 2298 754 2332 et
774 2287 914 2333 oderis
936 2287 1163 2333 inimicum
1186 2298 1312 2333 tuum
1327 2288 1428 2334 dia-

49 2355 223 2412 bolu1n3
255 2369 297 2403 et
319 2357 560 2404 secundum
581 2395 592 2414 ‚
619 2368 667 2402 ut
690 2357 843 2418 diligas
866 2357 1065 2403 inimicos
1089 2368 1185 2404 tuos
1210 2358 1424 2417 homines,

49 2436 92 2471 et
107 2445 198 2474 ores
217 2446 299 2493 pro
323 2429 382 2474 eis
405 2429 484 2492 qui
501 2439 542 2473 te
560 2439 894 2492 persequuntur.

112 2497 254 2545 XVII.
286 2499 378 2545 hisi
393 2499 501 2545 forte
522 2509 651 2563 putas
670 2516 758 2544 non
777 2516 916 2546 orasse
940 2499 1211 2548 Christianos
1228 2499 1304 2547 illo
1326 2511 1432 2548 tem-

52 2582 155 2630 pore
177 2587 259 2633 pro
283 2569 414 2617 Saulo
441 2580 714 2633 persecutore
738 2570 1105 2619 Christianorum.
1141 2572 1349 2620 Fortassis
1375 2571 1431 2621 ad

29 2635 31 2651 ι

103 2658 112 2680 ¹
133 2660 208 2692 Luc.
222 2670 318 2700 xnu,
336 2662 390 2697 34,
412 2677 456 2684 —-
473 2658 488 2681 ²
504 2662 576 2694 Act.
598 2671 660 2705 vu,
677 2660 732 2701 59.
