<?xml version="1.0" encoding="UTF-8"?>
<!DOCTYPE html PUBLIC "-//W3C//DTD XHTML 1.0 Transitional//EN"
    "http://www.w3.org/TR/xhtml1/DTD/xhtml1-transitional.dtd">
<html xmlns="http://www.w3.org/1999/xhtml" xml:lang="en" lang="en">
 <head>
  <title>
</title>
<meta http-equiv="Content-Type" content="text/html;charset=utf-8" />
  <meta name='ocr-system' content='tesseract 3.04.00' />
  <meta name='ocr-capabilities' content='ocr_page ocr_carea ocr_par ocr_line ocrx_word'/>
</head>
<body>
  <div class='ocr_page' id='page_1' title='image "./operaomniaaccura19auguuoft_0531.png"; bbox 0 0 1866 3241; ppageno 0'>
   <div class='ocr_carea' id='block_1_1' title="bbox 0 0 59 3241">
    <p class='ocr_par' dir='ltr' id='par_1_1' title="bbox 0 0 59 3241">
     <span class='ocr_line' id='line_1_1' title="bbox 0 0 59 3241; baseline 0 0"><span class='ocrx_word' id='word_1_1' title='bbox 0 0 59 3241; x_wconf 95' lang='lat' dir='ltr'> </span> 
     </span>
    </p>
   </div>
   <div class='ocr_carea' id='block_1_2' title="bbox 214 335 1475 389">
    <p class='ocr_par' dir='ltr' id='par_1_2' title="bbox 214 335 1475 389">
     <span class='ocr_line' id='line_1_2' title="bbox 214 335 1475 389; baseline 0.005 -11"><span class='ocrx_word' id='word_1_2' title='bbox 214 347 354 378; x_wconf 64' lang='lat' dir='ltr'>senno</span> <span class='ocrx_word' id='word_1_3' title='bbox 392 346 569 389; x_wconf 74' lang='lat' dir='ltr'>ctxxix,</span> <span class='ocrx_word' id='word_1_4' title='bbox 610 346 664 376; x_wconf 80' lang='lat' dir='ltr'>DE</span> <span class='ocrx_word' id='word_1_5' title='bbox 701 344 858 376; x_wconf 77' lang='lat' dir='ltr'>VERBIS</span> <span class='ocrx_word' id='word_1_6' title='bbox 894 345 1044 378; x_wconf 72' lang='lat' dir='ltr'>Arosr.</span> <span class='ocrx_word' id='word_1_7' title='bbox 1086 348 1240 381; x_wconf 59' lang='lat' dir='ltr'>Jacoss.</span> <span class='ocrx_word' id='word_1_8' title='bbox 1283 351 1314 381; x_wconf 87' lang='lat'>1.</span> <span class='ocrx_word' id='word_1_9' title='bbox 1387 335 1475 384; x_wconf 81' lang='lat'>521</span> 
     </span>
    </p>
   </div>
   <div class='ocr_carea' id='block_1_3' title="bbox 104 412 1491 2602">
    <p class='ocr_par' dir='ltr' id='par_1_3' title="bbox 104 412 1487 1399">
     <span class='ocr_line' id='line_1_3' title="bbox 107 412 1479 473; baseline 0.003 -13"><span class='ocrx_word' id='word_1_10' title='bbox 107 413 211 470; x_wconf 83' lang='lat' dir='ltr'>deo,</span> <span class='ocrx_word' id='word_1_11' title='bbox 239 413 315 459; x_wconf 86' lang='lat' dir='ltr'>ubi</span> <span class='ocrx_word' id='word_1_12' title='bbox 344 412 486 460; x_wconf 88' lang='lat' dir='ltr'>audio.</span> <span class='ocrx_word' id='word_1_13' title='bbox 518 412 684 458; x_wconf 87' lang='lat' dir='ltr'>Deinde</span> <span class='ocrx_word' id='word_1_14' title='bbox 709 422 878 458; x_wconf 84' lang='lat' dir='ltr'>secutus</span> <span class='ocrx_word' id='word_1_15' title='bbox 905 412 1101 473; x_wconf 74' lang='lat' dir='ltr'>adjunxit</span> <span class='ocrx_word' id='word_1_16' title='bbox 1129 433 1139 460; x_wconf 91' lang='lat'>:</span> <span class='ocrx_word' id='word_1_17' title='bbox 1171 416 1479 464; x_wconf 78' lang='lat' dir='ltr'>«Exultabunt</span> 
     </span>
     <span class='ocr_line' id='line_1_4' title="bbox 107 482 1468 543; baseline 0.004 -14"><span class='ocrx_word' id='word_1_18' title='bbox 107 505 127 525; x_wconf 86' lang='lat'>»</span> <span class='ocrx_word' id='word_1_19' title='bbox 147 501 238 529; x_wconf 87' lang='lat' dir='ltr'>ossa</span> <span class='ocrx_word' id='word_1_20' title='bbox 264 482 493 528; x_wconf 84' lang='lat' dir='ltr'>humiliata</span> <span class='ocrx_word' id='word_1_21' title='bbox 509 482 541 530; x_wconf 73' lang='lat'>1.</span> <span class='ocrx_word' id='word_1_22' title='bbox 564 505 583 524; x_wconf 86' lang='lat'>»</span> <span class='ocrx_word' id='word_1_23' title='bbox 608 483 696 528; x_wconf 78' lang='lat' dir='ltr'>[bi</span> <span class='ocrx_word' id='word_1_24' title='bbox 719 482 918 528; x_wconf 86' lang='lat' dir='ltr'>audimus</span> <span class='ocrx_word' id='word_1_25' title='bbox 936 500 1034 543; x_wconf 82' lang='lat' dir='ltr'>ergo</span> <span class='ocrx_word' id='word_1_26' title='bbox 1049 521 1058 539; x_wconf 74' lang='grc'><em>,</em></span> <span class='ocrx_word' id='word_1_27' title='bbox 1080 485 1265 531; x_wconf 83' lang='lat' dir='ltr'>humiles</span> <span class='ocrx_word' id='word_1_28' title='bbox 1289 505 1436 534; x_wconf 87' lang='lat' dir='ltr'>sumus</span> <span class='ocrx_word' id='word_1_29' title='bbox 1457 506 1468 533; x_wconf 76' lang='grc' dir='ltr'>ε</span> 
     </span>
     <span class='ocr_line' id='line_1_5' title="bbox 107 552 1476 619; baseline 0.004 -20"><span class='ocrx_word' id='word_1_30' title='bbox 107 554 183 600; x_wconf 84' lang='lat' dir='ltr'>ubi</span> <span class='ocrx_word' id='word_1_31' title='bbox 209 564 352 599; x_wconf 88' lang='lat' dir='ltr'>autem</span> <span class='ocrx_word' id='word_1_32' title='bbox 376 553 667 617; x_wconf 66' lang='lat' dir='ltr'>praedicamus</span> <span class='ocrx_word' id='word_1_33' title='bbox 683 591 693 609; x_wconf 84' lang='lat'>‚</span> <span class='ocrx_word' id='word_1_34' title='bbox 733 563 775 598; x_wconf 89' lang='lat' dir='ltr'>et</span> <span class='ocrx_word' id='word_1_35' title='bbox 811 553 845 598; x_wconf 87' lang='lat' dir='ltr'>si</span> <span class='ocrx_word' id='word_1_36' title='bbox 871 553 915 598; x_wconf 92' lang='lat' dir='ltr'>in</span> <span class='ocrx_word' id='word_1_37' title='bbox 939 552 1121 599; x_wconf 83' lang='lat' dir='ltr'>elatione</span> <span class='ocrx_word' id='word_1_38' title='bbox 1152 557 1476 619; x_wconf 74' lang='lat' dir='ltr'>periclitamur,</span> 
     </span>
     <span class='ocr_line' id='line_1_6' title="bbox 106 623 1479 688; baseline 0.004 -19"><span class='ocrx_word' id='word_1_39' title='bbox 106 634 219 670; x_wconf 89' lang='lat' dir='ltr'>certe</span> <span class='ocrx_word' id='word_1_40' title='bbox 238 624 304 670; x_wconf 82' lang='lat' dir='ltr'>vel</span> <span class='ocrx_word' id='word_1_41' title='bbox 321 623 554 671; x_wconf 81' lang='lat' dir='ltr'>frenamur.</span> <span class='ocrx_word' id='word_1_42' title='bbox 581 625 638 669; x_wconf 89' lang='lat' dir='ltr'>Et</span> <span class='ocrx_word' id='word_1_43' title='bbox 652 624 686 669; x_wconf 88' lang='lat' dir='ltr'>si</span> <span class='ocrx_word' id='word_1_44' title='bbox 704 641 791 669; x_wconf 89' lang='lat' dir='ltr'>non</span> <span class='ocrx_word' id='word_1_45' title='bbox 813 623 1009 680; x_wconf 80' lang='lat' dir='ltr'>extollor,</span> <span class='ocrx_word' id='word_1_46' title='bbox 1030 625 1254 688; x_wconf 77' lang='lat' dir='ltr'>periclitor</span> <span class='ocrx_word' id='word_1_47' title='bbox 1273 645 1326 673; x_wconf 89' lang='lat' dir='ltr'>ne</span> <span class='ocrx_word' id='word_1_48' title='bbox 1342 629 1479 675; x_wconf 87' lang='lat' dir='ltr'>extol-</span> 
     </span>
     <span class='ocr_line' id='line_1_7' title="bbox 105 693 1479 752; baseline 0.004 -12"><span class='ocrx_word' id='word_1_49' title='bbox 105 694 182 741; x_wconf 88' lang='lat' dir='ltr'>lar.</span> <span class='ocrx_word' id='word_1_50' title='bbox 215 694 302 740; x_wconf 77' lang='lat' dir='ltr'>Ubi</span> <span class='ocrx_word' id='word_1_51' title='bbox 330 705 472 741; x_wconf 85' lang='lat' dir='ltr'>autem</span> <span class='ocrx_word' id='word_1_52' title='bbox 499 694 616 751; x_wconf 84' lang='lat' dir='ltr'>odio,</span> <span class='ocrx_word' id='word_1_53' title='bbox 646 695 735 739; x_wconf 89' lang='lat' dir='ltr'>sine</span> <span class='ocrx_word' id='word_1_54' title='bbox 755 693 975 740; x_wconf 79' lang='lat' dir='ltr'>frudatore</span> <span class='ocrx_word' id='word_1_55' title='bbox 994 694 1133 752; x_wconf 87' lang='lat' dir='ltr'>fruor,</span> <span class='ocrx_word' id='word_1_56' title='bbox 1158 696 1247 742; x_wconf 86' lang='lat' dir='ltr'>sine</span> <span class='ocrx_word' id='word_1_57' title='bbox 1271 708 1375 744; x_wconf 87' lang='lat' dir='ltr'>teste</span> <span class='ocrx_word' id='word_1_58' title='bbox 1398 699 1479 745; x_wconf 89' lang='lat' dir='ltr'>de-</span> 
     </span>
     <span class='ocr_line' id='line_1_8' title="bbox 104 764 1477 832; baseline 0.001 -19"><span class='ocrx_word' id='word_1_59' title='bbox 104 765 253 813; x_wconf 89' lang='lat' dir='ltr'>lector.</span> <span class='ocrx_word' id='word_1_60' title='bbox 288 766 475 811; x_wconf 69' lang='lat' dir='ltr'>Noverat</span> <span class='ocrx_word' id='word_1_61' title='bbox 507 765 592 810; x_wconf 91' lang='lat' dir='ltr'>hoc</span> <span class='ocrx_word' id='word_1_62' title='bbox 618 764 826 825; x_wconf 84' lang='lat' dir='ltr'>gaudium</span> <span class='ocrx_word' id='word_1_63' title='bbox 851 765 980 811; x_wconf 88' lang='lat' dir='ltr'>etiam</span> <span class='ocrx_word' id='word_1_64' title='bbox 1008 766 1171 812; x_wconf 89' lang='lat' dir='ltr'>amicus</span> <span class='ocrx_word' id='word_1_65' title='bbox 1193 766 1265 813; x_wconf 89' lang='lat' dir='ltr'>ille</span> <span class='ocrx_word' id='word_1_66' title='bbox 1297 770 1443 832; x_wconf 83' lang='lat' dir='ltr'>sponsi</span> <span class='ocrx_word' id='word_1_67' title='bbox 1467 807 1477 825; x_wconf 83' lang='grc'>,</span> 
     </span>
     <span class='ocr_line' id='line_1_9' title="bbox 106 835 1481 901; baseline 0.004 -21"><span class='ocrx_word' id='word_1_68' title='bbox 106 836 180 900; x_wconf 90' lang='lat' dir='ltr'>qui</span> <span class='ocrx_word' id='word_1_69' title='bbox 205 835 407 882; x_wconf 86' lang='lat' dir='ltr'>dicebat:</span> <span class='ocrx_word' id='word_1_70' title='bbox 429 858 448 877; x_wconf 84' lang='lat'>«</span> <span class='ocrx_word' id='word_1_71' title='bbox 468 837 557 893; x_wconf 83' lang='lat' dir='ltr'>Qui</span> <span class='ocrx_word' id='word_1_72' title='bbox 580 836 717 892; x_wconf 79' lang='lat' dir='ltr'>habet</span> <span class='ocrx_word' id='word_1_73' title='bbox 736 853 961 900; x_wconf 85' lang='lat' dir='ltr'>sponsam,</span> <span class='ocrx_word' id='word_1_74' title='bbox 986 855 1168 901; x_wconf 88' lang='lat' dir='ltr'>sponsus</span> <span class='ocrx_word' id='word_1_75' title='bbox 1190 849 1252 884; x_wconf 88' lang='lat' dir='ltr'>est</span> <span class='ocrx_word' id='word_1_76' title='bbox 1278 857 1289 884; x_wconf 73' lang='grc' dir='ltr'><strong>ι</strong></span> <span class='ocrx_word' id='word_1_77' title='bbox 1318 840 1481 885; x_wconf 86' lang='lat' dir='ltr'>amicus</span> 
     </span>
     <span class='ocr_line' id='line_1_10' title="bbox 108 906 1484 974; baseline 0.003 -22"><span class='ocrx_word' id='word_1_78' title='bbox 108 928 128 947; x_wconf 86' lang='lat'>&gt;›</span> <span class='ocrx_word' id='word_1_79' title='bbox 148 917 290 952; x_wconf 86' lang='lat' dir='ltr'>autem</span> <span class='ocrx_word' id='word_1_80' title='bbox 315 908 459 972; x_wconf 87' lang='lat' dir='ltr'>sponsi</span> <span class='ocrx_word' id='word_1_81' title='bbox 479 918 588 965; x_wconf 88' lang='lat' dir='ltr'>stat,</span> <span class='ocrx_word' id='word_1_82' title='bbox 621 918 663 953; x_wconf 90' lang='lat' dir='ltr'>et</span> <span class='ocrx_word' id='word_1_83' title='bbox 681 906 803 952; x_wconf 89' lang='lat' dir='ltr'>audit</span> <span class='ocrx_word' id='word_1_84' title='bbox 825 908 973 954; x_wconf 76' lang='lat' dir='ltr'>eum‘2.</span> <span class='ocrx_word' id='word_1_85' title='bbox 1002 929 1024 949; x_wconf 86' lang='lat'>»</span> <span class='ocrx_word' id='word_1_86' title='bbox 1051 908 1106 954; x_wconf 91' lang='lat' dir='ltr'>Et</span> <span class='ocrx_word' id='word_1_87' title='bbox 1124 909 1222 955; x_wconf 83' lang='lat' dir='ltr'>ideo</span> <span class='ocrx_word' id='word_1_88' title='bbox 1246 920 1356 967; x_wconf 83' lang='lat' dir='ltr'>stat,</span> <span class='ocrx_word' id='word_1_89' title='bbox 1381 911 1484 974; x_wconf 87' lang='lat' dir='ltr'>quia</span> 
     </span>
     <span class='ocr_line' id='line_1_11' title="bbox 106 978 1478 1042; baseline 0.003 -20"><span class='ocrx_word' id='word_1_90' title='bbox 106 978 229 1023; x_wconf 87' lang='lat' dir='ltr'>audit</span> <span class='ocrx_word' id='word_1_91' title='bbox 251 996 364 1025; x_wconf 89' lang='lat' dir='ltr'>eum.</span> <span class='ocrx_word' id='word_1_92' title='bbox 396 979 511 1036; x_wconf 85' lang='lat' dir='ltr'>Quia</span> <span class='ocrx_word' id='word_1_93' title='bbox 535 990 577 1024; x_wconf 88' lang='lat' dir='ltr'>ct</span> <span class='ocrx_word' id='word_1_94' title='bbox 596 979 765 1042; x_wconf 85' lang='lat' dir='ltr'>primus</span> <span class='ocrx_word' id='word_1_95' title='bbox 786 978 920 1023; x_wconf 87' lang='lat' dir='ltr'>homo</span> <span class='ocrx_word' id='word_1_96' title='bbox 941 978 1158 1025; x_wconf 88' lang='lat' dir='ltr'>audiendo</span> <span class='ocrx_word' id='word_1_97' title='bbox 1180 980 1322 1026; x_wconf 90' lang='lat' dir='ltr'>Deum</span> <span class='ocrx_word' id='word_1_98' title='bbox 1345 982 1478 1036; x_wconf 85' lang='lat' dir='ltr'>stetit,</span> 
     </span>
     <span class='ocr_line' id='line_1_12' title="bbox 105 1047 1480 1114; baseline 0.003 -21"><span class='ocrx_word' id='word_1_99' title='bbox 105 1047 321 1094; x_wconf 88' lang='lat' dir='ltr'>audiendo</span> <span class='ocrx_word' id='word_1_100' title='bbox 347 1060 589 1112; x_wconf 81' lang='lat' dir='ltr'>serpentem</span> <span class='ocrx_word' id='word_1_101' title='bbox 618 1048 790 1094; x_wconf 85' lang='lat' dir='ltr'>cecidit.</span> <span class='ocrx_word' id='word_1_102' title='bbox 817 1049 966 1108; x_wconf 83' lang='lat' dir='ltr'>«Ergo</span> <span class='ocrx_word' id='word_1_103' title='bbox 997 1050 1161 1095; x_wconf 90' lang='lat' dir='ltr'>amicus</span> <span class='ocrx_word' id='word_1_104' title='bbox 1195 1052 1340 1114; x_wconf 88' lang='lat' dir='ltr'>sponsi</span> <span class='ocrx_word' id='word_1_105' title='bbox 1374 1062 1480 1107; x_wconf 80' lang='lat' dir='ltr'>stat,</span> 
     </span>
     <span class='ocr_line' id='line_1_13' title="bbox 107 1119 1485 1185; baseline 0.003 -21"><span class='ocrx_word' id='word_1_106' title='bbox 107 1139 126 1159; x_wconf 86' lang='grc'>»</span> <span class='ocrx_word' id='word_1_107' title='bbox 147 1129 188 1164; x_wconf 88' lang='lat' dir='ltr'>et</span> <span class='ocrx_word' id='word_1_108' title='bbox 212 1119 334 1165; x_wconf 83' lang='lat' dir='ltr'>audit</span> <span class='ocrx_word' id='word_1_109' title='bbox 361 1137 457 1165; x_wconf 89' lang='lat' dir='ltr'>eum</span> <span class='ocrx_word' id='word_1_110' title='bbox 477 1137 487 1164; x_wconf 78' lang='lat' dir='ltr'>z</span> <span class='ocrx_word' id='word_1_111' title='bbox 508 1131 551 1165; x_wconf 90' lang='lat' dir='ltr'>et</span> <span class='ocrx_word' id='word_1_112' title='bbox 574 1119 748 1180; x_wconf 81' lang='lat' dir='ltr'>gaudio,</span> <span class='ocrx_word' id='word_1_113' title='bbox 773 1119 933 1182; x_wconf 83' lang='lat' dir='ltr'>inquit,</span> <span class='ocrx_word' id='word_1_114' title='bbox 962 1119 1120 1180; x_wconf 82' lang='lat' dir='ltr'>gaudet</span> <span class='ocrx_word' id='word_1_115' title='bbox 1140 1132 1321 1185; x_wconf 85' lang='lat' dir='ltr'>propter</span> <span class='ocrx_word' id='word_1_116' title='bbox 1333 1139 1485 1168; x_wconf 78' lang='lat' dir='ltr'>vocem</span> 
     </span>
     <span class='ocr_line' id='line_1_14' title="bbox 106 1190 1487 1255; baseline 0.001 -19"><span class='ocrx_word' id='word_1_117' title='bbox 106 1211 126 1232; x_wconf 83' lang='lat'>›&gt;</span> <span class='ocrx_word' id='word_1_118' title='bbox 149 1191 309 1255; x_wconf 81' lang='lat' dir='ltr'><strong>sponsi.</strong></span> <span class='ocrx_word' id='word_1_119' title='bbox 339 1212 359 1232; x_wconf 72' lang='lat' dir='ltr'>n</span> <span class='ocrx_word' id='word_1_120' title='bbox 388 1192 485 1236; x_wconf 54' lang='lat' dir='ltr'>[Non</span> <span class='ocrx_word' id='word_1_121' title='bbox 504 1201 685 1255; x_wconf 84' lang='lat' dir='ltr'>propter</span> <span class='ocrx_word' id='word_1_122' title='bbox 705 1207 856 1236; x_wconf 71' lang='lat' dir='ltr'>vocem</span> <span class='ocrx_word' id='word_1_123' title='bbox 880 1207 1017 1245; x_wconf 81' lang='lat' dir='ltr'>suam,</span> <span class='ocrx_word' id='word_1_124' title='bbox 1039 1190 1111 1235; x_wconf 87' lang='lat' dir='ltr'>sed</span> <span class='ocrx_word' id='word_1_125' title='bbox 1128 1202 1309 1255; x_wconf 84' lang='lat' dir='ltr'>propter</span> <span class='ocrx_word' id='word_1_126' title='bbox 1334 1209 1487 1239; x_wconf 77' lang='lat' dir='ltr'>vocem</span> 
     </span>
     <span class='ocr_line' id='line_1_15' title="bbox 106 1259 1487 1325; baseline 0.002 -19"><span class='ocrx_word' id='word_1_127' title='bbox 106 1261 265 1325; x_wconf 84' lang='lat' dir='ltr'>sponsi.</span> <span class='ocrx_word' id='word_1_128' title='bbox 290 1260 450 1307; x_wconf 85' lang='lat' dir='ltr'>Vocem</span> <span class='ocrx_word' id='word_1_129' title='bbox 478 1272 621 1307; x_wconf 90' lang='lat' dir='ltr'>tamen</span> <span class='ocrx_word' id='word_1_130' title='bbox 648 1261 795 1325; x_wconf 80' lang='lat' dir='ltr'>sponsi</span> <span class='ocrx_word' id='word_1_131' title='bbox 826 1277 959 1323; x_wconf 83' lang='lat' dir='ltr'>quam</span> <span class='ocrx_word' id='word_1_132' title='bbox 981 1259 1100 1306; x_wconf 87' lang='lat' dir='ltr'>intus</span> <span class='ocrx_word' id='word_1_133' title='bbox 1129 1261 1351 1320; x_wconf 75' lang='lat' dir='ltr'>audiebat,</span> <span class='ocrx_word' id='word_1_134' title='bbox 1374 1263 1487 1309; x_wconf 87' lang='lat' dir='ltr'>foras</span> 
     </span>
     <span class='ocr_line' id='line_1_16' title="bbox 105 1331 766 1399; baseline 0 -22"><span class='ocrx_word' id='word_1_135' title='bbox 105 1331 283 1397; x_wconf 84' lang='lat' dir='ltr'>populis</span> <span class='ocrx_word' id='word_1_136' title='bbox 309 1349 397 1378; x_wconf 88' lang='lat' dir='ltr'>non</span> <span class='ocrx_word' id='word_1_137' title='bbox 419 1331 667 1379; x_wconf 80' lang='lat' dir='ltr'>claudebat.</span> <span class='ocrx_word' id='word_1_138' title='bbox 760 1395 766 1399; x_wconf 20' lang='grc' dir='ltr'>ν</span> 
     </span>
    </p>

    <p class='ocr_par' dir='ltr' id='par_1_4' title="bbox 106 1402 1491 2602">
     <span class='ocr_line' id='line_1_17' title="bbox 171 1402 1485 1469; baseline 0.003 -22"><span class='ocrx_word' id='word_1_139' title='bbox 171 1404 254 1450; x_wconf 89' lang='lat' dir='ltr'><strong>III.</strong></span> <span class='ocrx_word' id='word_1_140' title='bbox 292 1404 418 1449; x_wconf 86' lang='lat' dir='ltr'>Hanc</span> <span class='ocrx_word' id='word_1_141' title='bbox 446 1414 616 1468; x_wconf 86' lang='lat' dir='ltr'>partem</span> <span class='ocrx_word' id='word_1_142' title='bbox 639 1402 722 1448; x_wconf 88' lang='lat' dir='ltr'>sibi</span> <span class='ocrx_word' id='word_1_143' title='bbox 742 1402 925 1463; x_wconf 81' lang='lat' dir='ltr'>elegerat</span> <span class='ocrx_word' id='word_1_144' title='bbox 951 1404 1082 1449; x_wconf 88' lang='lat' dir='ltr'>etiam</span> <span class='ocrx_word' id='word_1_145' title='bbox 1108 1404 1183 1450; x_wconf 91' lang='lat' dir='ltr'>illa</span> <span class='ocrx_word' id='word_1_146' title='bbox 1211 1405 1364 1461; x_wconf 86' lang='lat' dir='ltr'>Maria,</span> <span class='ocrx_word' id='word_1_147' title='bbox 1386 1423 1485 1469; x_wconf 82' lang='lat' dir='ltr'>quae</span> 
     </span>
     <span class='ocr_line' id='line_1_18' title="bbox 106 1473 1487 1540; baseline 0.002 -21"><span class='ocrx_word' id='word_1_148' title='bbox 106 1474 376 1520; x_wconf 81' lang='lat' dir='ltr'>ministrante</span> <span class='ocrx_word' id='word_1_149' title='bbox 394 1486 434 1520; x_wconf 90' lang='lat' dir='ltr'>et</span> <span class='ocrx_word' id='word_1_150' title='bbox 455 1475 570 1520; x_wconf 89' lang='lat' dir='ltr'>circa</span> <span class='ocrx_word' id='word_1_151' title='bbox 590 1473 778 1520; x_wconf 88' lang='lat' dir='ltr'>multum</span> <span class='ocrx_word' id='word_1_152' title='bbox 802 1475 1089 1521; x_wconf 88' lang='lat' dir='ltr'>ministerium</span> <span class='ocrx_word' id='word_1_153' title='bbox 1108 1487 1322 1540; x_wconf 88' lang='lat' dir='ltr'>occupata</span> <span class='ocrx_word' id='word_1_154' title='bbox 1346 1493 1487 1522; x_wconf 89' lang='lat' dir='ltr'>sorore</span> 
     </span>
     <span class='ocr_line' id='line_1_19' title="bbox 107 1545 1486 1610; baseline 0.002 -20"><span class='ocrx_word' id='word_1_155' title='bbox 107 1562 198 1600; x_wconf 89' lang='lat' dir='ltr'>sua,</span> <span class='ocrx_word' id='word_1_156' title='bbox 222 1545 398 1591; x_wconf 89' lang='lat' dir='ltr'>sedebat</span> <span class='ocrx_word' id='word_1_157' title='bbox 422 1546 476 1592; x_wconf 91' lang='lat' dir='ltr'>ad</span> <span class='ocrx_word' id='word_1_158' title='bbox 493 1545 623 1610; x_wconf 86' lang='lat' dir='ltr'>pedes</span> <span class='ocrx_word' id='word_1_159' title='bbox 643 1546 838 1602; x_wconf 78' lang='lat' dir='ltr'>Domini,</span> <span class='ocrx_word' id='word_1_160' title='bbox 869 1556 912 1591; x_wconf 86' lang='lat' dir='ltr'>et</span> <span class='ocrx_word' id='word_1_161' title='bbox 934 1546 1070 1592; x_wconf 89' lang='lat' dir='ltr'>otiosa</span> <span class='ocrx_word' id='word_1_162' title='bbox 1088 1547 1272 1592; x_wconf 84' lang='lat' dir='ltr'>verbum</span> <span class='ocrx_word' id='word_1_163' title='bbox 1295 1550 1385 1607; x_wconf 86' lang='lat' dir='ltr'>ejus</span> <span class='ocrx_word' id='word_1_164' title='bbox 1405 1564 1486 1593; x_wconf 91' lang='lat' dir='ltr'>au-</span> 
     </span>
     <span class='ocr_line' id='line_1_20' title="bbox 107 1615 1488 1671; baseline 0.002 -10"><span class='ocrx_word' id='word_1_165' title='bbox 107 1615 297 1663; x_wconf 80' lang='lat' dir='ltr'>diebat3.</span> <span class='ocrx_word' id='word_1_166' title='bbox 330 1617 518 1662; x_wconf 88' lang='lat' dir='ltr'>Joannes</span> <span class='ocrx_word' id='word_1_167' title='bbox 538 1617 707 1671; x_wconf 83' lang='lat' dir='ltr'>stabat,</span> <span class='ocrx_word' id='word_1_168' title='bbox 734 1616 806 1661; x_wconf 87' lang='lat' dir='ltr'>illa</span> <span class='ocrx_word' id='word_1_169' title='bbox 831 1616 1008 1662; x_wconf 84' lang='lat' dir='ltr'>sedebat</span> <span class='ocrx_word' id='word_1_170' title='bbox 1030 1634 1040 1661; x_wconf 72' lang='grc' dir='ltr'>ε</span> <span class='ocrx_word' id='word_1_171' title='bbox 1066 1617 1141 1662; x_wconf 84' lang='lat' dir='ltr'>sed</span> <span class='ocrx_word' id='word_1_172' title='bbox 1158 1616 1231 1662; x_wconf 88' lang='lat' dir='ltr'>illa</span> <span class='ocrx_word' id='word_1_173' title='bbox 1249 1618 1379 1663; x_wconf 89' lang='lat' dir='ltr'>corde</span> <span class='ocrx_word' id='word_1_174' title='bbox 1397 1629 1488 1664; x_wconf 83' lang='lat' dir='ltr'>sta-</span> 
     </span>
     <span class='ocr_line' id='line_1_21' title="bbox 106 1685 1488 1748; baseline 0.002 -17"><span class='ocrx_word' id='word_1_175' title='bbox 106 1686 209 1742; x_wconf 88' lang='lat' dir='ltr'>bat,</span> <span class='ocrx_word' id='word_1_176' title='bbox 246 1696 288 1731; x_wconf 90' lang='lat' dir='ltr'>et</span> <span class='ocrx_word' id='word_1_177' title='bbox 325 1686 396 1731; x_wconf 88' lang='lat' dir='ltr'>ille</span> <span class='ocrx_word' id='word_1_178' title='bbox 435 1686 682 1731; x_wconf 85' lang='lat' dir='ltr'>humilitate</span> <span class='ocrx_word' id='word_1_179' title='bbox 717 1685 908 1732; x_wconf 87' lang='lat' dir='ltr'>sedebat.</span> <span class='ocrx_word' id='word_1_180' title='bbox 947 1686 1086 1731; x_wconf 82' lang='lat' dir='ltr'>Statio</span> <span class='ocrx_word' id='word_1_181' title='bbox 1120 1687 1235 1732; x_wconf 87' lang='lat' dir='ltr'>enim</span> <span class='ocrx_word' id='word_1_182' title='bbox 1272 1689 1488 1748; x_wconf 80' lang='lat' dir='ltr'>significat</span> 
     </span>
     <span class='ocr_line' id='line_1_22' title="bbox 106 1756 1489 1823; baseline 0.003 -22"><span class='ocrx_word' id='word_1_183' title='bbox 106 1757 452 1820; x_wconf 81' lang='lat' dir='ltr'>permansionem</span> <span class='ocrx_word' id='word_1_184' title='bbox 469 1794 480 1809; x_wconf 88' lang='lat'>,</span> <span class='ocrx_word' id='word_1_185' title='bbox 526 1757 650 1802; x_wconf 88' lang='lat' dir='ltr'>sessio</span> <span class='ocrx_word' id='word_1_186' title='bbox 690 1756 999 1804; x_wconf 82' lang='lat' dir='ltr'>humilitatem.</span> <span class='ocrx_word' id='word_1_187' title='bbox 1047 1758 1105 1803; x_wconf 82' lang='lat' dir='ltr'>Et</span> <span class='ocrx_word' id='word_1_188' title='bbox 1144 1768 1193 1803; x_wconf 86' lang='lat' dir='ltr'>ut</span> <span class='ocrx_word' id='word_1_189' title='bbox 1223 1758 1365 1804; x_wconf 85' lang='lat' dir='ltr'>sciatis</span> <span class='ocrx_word' id='word_1_190' title='bbox 1385 1760 1489 1823; x_wconf 88' lang='lat' dir='ltr'>quia</span> 
     </span>
     <span class='ocr_line' id='line_1_23' title="bbox 107 1826 1491 1891; baseline 0.002 -19"><span class='ocrx_word' id='word_1_191' title='bbox 107 1828 235 1873; x_wconf 87' lang='lat' dir='ltr'>statio</span> <span class='ocrx_word' id='word_1_192' title='bbox 253 1827 599 1891; x_wconf 87' lang='lat' dir='ltr'>permansionem</span> <span class='ocrx_word' id='word_1_193' title='bbox 622 1826 854 1886; x_wconf 83' lang='lat' dir='ltr'>significat,</span> <span class='ocrx_word' id='word_1_194' title='bbox 878 1827 995 1872; x_wconf 86' lang='lat' dir='ltr'>hanc</span> <span class='ocrx_word' id='word_1_195' title='bbox 1011 1827 1359 1891; x_wconf 86' lang='lat' dir='ltr'>permansionem</span> <span class='ocrx_word' id='word_1_196' title='bbox 1376 1829 1491 1875; x_wconf 86' lang='lat' dir='ltr'>dici-</span> 
     </span>
     <span class='ocr_line' id='line_1_24' title="bbox 108 1896 1489 1960; baseline 0.002 -17"><span class='ocrx_word' id='word_1_197' title='bbox 108 1909 179 1944; x_wconf 93' lang='lat' dir='ltr'>tur</span> <span class='ocrx_word' id='word_1_198' title='bbox 213 1898 414 1944; x_wconf 85' lang='lat' dir='ltr'>diabolus</span> <span class='ocrx_word' id='word_1_199' title='bbox 451 1915 538 1944; x_wconf 89' lang='lat' dir='ltr'>non</span> <span class='ocrx_word' id='word_1_200' title='bbox 564 1897 769 1942; x_wconf 87' lang='lat' dir='ltr'>habuisse</span> <span class='ocrx_word' id='word_1_201' title='bbox 797 1934 808 1953; x_wconf 81' lang='grc'>,</span> <span class='ocrx_word' id='word_1_202' title='bbox 844 1896 897 1942; x_wconf 88' lang='lat' dir='ltr'>de</span> <span class='ocrx_word' id='word_1_203' title='bbox 930 1914 1017 1960; x_wconf 85' lang='lat' dir='ltr'>quo</span> <span class='ocrx_word' id='word_1_204' title='bbox 1050 1897 1219 1943; x_wconf 90' lang='lat' dir='ltr'>dictum</span> <span class='ocrx_word' id='word_1_205' title='bbox 1247 1909 1312 1944; x_wconf 90' lang='lat' dir='ltr'>est</span> <span class='ocrx_word' id='word_1_206' title='bbox 1339 1917 1349 1944; x_wconf 93' lang='lat'><strong>:</strong></span> <span class='ocrx_word' id='word_1_207' title='bbox 1374 1921 1394 1940; x_wconf 74' lang='grc' dir='ltr'>α</span> <span class='ocrx_word' id='word_1_208' title='bbox 1411 1899 1489 1945; x_wconf 84' lang='lat' dir='ltr'>Ille</span> 
     </span>
     <span class='ocr_line' id='line_1_25' title="bbox 108 1967 1486 2024; baseline -0.001 -11"><span class='ocrx_word' id='word_1_209' title='bbox 108 1968 372 2014; x_wconf 77' lang='lat' dir='ltr'>»homicida</span> <span class='ocrx_word' id='word_1_210' title='bbox 408 1979 499 2014; x_wconf 90' lang='lat' dir='ltr'>erat</span> <span class='ocrx_word' id='word_1_211' title='bbox 527 1968 582 2013; x_wconf 86' lang='lat' dir='ltr'>ab</span> <span class='ocrx_word' id='word_1_212' title='bbox 619 1967 742 2012; x_wconf 91' lang='lat' dir='ltr'>initio</span> <span class='ocrx_word' id='word_1_213' title='bbox 762 2004 772 2024; x_wconf 84' lang='lat'><strong><em>‚</em></strong></span> <span class='ocrx_word' id='word_1_214' title='bbox 809 1977 850 2012; x_wconf 84' lang='lat' dir='ltr'>et</span> <span class='ocrx_word' id='word_1_215' title='bbox 883 1967 927 2013; x_wconf 92' lang='lat' dir='ltr'>in</span> <span class='ocrx_word' id='word_1_216' title='bbox 961 1967 1140 2014; x_wconf 80' lang='lat' dir='ltr'>veritate</span> <span class='ocrx_word' id='word_1_217' title='bbox 1164 1986 1252 2014; x_wconf 89' lang='lat' dir='ltr'>non</span> <span class='ocrx_word' id='word_1_218' title='bbox 1283 1969 1444 2017; x_wconf 66' lang='lat' dir='ltr'>stetit4.</span> <span class='ocrx_word' id='word_1_219' title='bbox 1466 1993 1486 2012; x_wconf 64' lang='lat'>&gt;³</span> 
     </span>
     <span class='ocr_line' id='line_1_26' title="bbox 109 2037 1487 2103; baseline 0.002 -19"><span class='ocrx_word' id='word_1_220' title='bbox 109 2039 218 2085; x_wconf 87' lang='lat' dir='ltr'>Item</span> <span class='ocrx_word' id='word_1_221' title='bbox 249 2039 351 2103; x_wconf 87' lang='lat' dir='ltr'>quia</span> <span class='ocrx_word' id='word_1_222' title='bbox 373 2040 497 2085; x_wconf 88' lang='lat' dir='ltr'>sessio</span> <span class='ocrx_word' id='word_1_223' title='bbox 518 2039 734 2099; x_wconf 82' lang='lat' dir='ltr'>significat</span> <span class='ocrx_word' id='word_1_224' title='bbox 759 2038 1072 2094; x_wconf 74' lang='lat' dir='ltr'>humilitatem,</span> <span class='ocrx_word' id='word_1_225' title='bbox 1101 2037 1172 2084; x_wconf 91' lang='lat' dir='ltr'>ille</span> <span class='ocrx_word' id='word_1_226' title='bbox 1193 2039 1389 2086; x_wconf 89' lang='lat' dir='ltr'>Psalmus</span> <span class='ocrx_word' id='word_1_227' title='bbox 1415 2058 1487 2087; x_wconf 90' lang='lat' dir='ltr'>os-</span> 
     </span>
     <span class='ocr_line' id='line_1_27' title="bbox 108 2109 1488 2173; baseline 0.001 -17"><span class='ocrx_word' id='word_1_228' title='bbox 108 2111 275 2165; x_wconf 83' lang='lat' dir='ltr'>tendit,</span> <span class='ocrx_word' id='word_1_229' title='bbox 311 2111 389 2156; x_wconf 80' lang='lat' dir='ltr'>ubi</span> <span class='ocrx_word' id='word_1_230' title='bbox 422 2111 625 2157; x_wconf 88' lang='lat' dir='ltr'>admonet</span> <span class='ocrx_word' id='word_1_231' title='bbox 649 2110 701 2155; x_wconf 88' lang='lat' dir='ltr'>de</span> <span class='ocrx_word' id='word_1_232' title='bbox 726 2110 1011 2173; x_wconf 80' lang='lat' dir='ltr'>poenitentia,</span> <span class='ocrx_word' id='word_1_233' title='bbox 1047 2120 1088 2154; x_wconf 92' lang='lat' dir='ltr'>et</span> <span class='ocrx_word' id='word_1_234' title='bbox 1116 2109 1254 2155; x_wconf 87' lang='lat' dir='ltr'>dicit:</span> <span class='ocrx_word' id='word_1_235' title='bbox 1283 2112 1488 2172; x_wconf 84' lang='lat' dir='ltr'>«Surgite</span> 
     </span>
     <span class='ocr_line' id='line_1_28' title="bbox 109 2179 1486 2246; baseline -0.001 -23"><span class='ocrx_word' id='word_1_236' title='bbox 109 2192 382 2246; x_wconf 77' lang='lat' dir='ltr'>»postquam</span> <span class='ocrx_word' id='word_1_237' title='bbox 413 2181 578 2227; x_wconf 88' lang='lat' dir='ltr'>sedistis</span> <span class='ocrx_word' id='word_1_238' title='bbox 597 2219 607 2238; x_wconf 87' lang='lat'>,</span> <span class='ocrx_word' id='word_1_239' title='bbox 638 2181 713 2244; x_wconf 82' lang='lat' dir='ltr'>qui</span> <span class='ocrx_word' id='word_1_240' title='bbox 747 2179 1022 2225; x_wconf 86' lang='lat' dir='ltr'>manducatis</span> <span class='ocrx_word' id='word_1_241' title='bbox 1046 2196 1206 2243; x_wconf 89' lang='lat' dir='ltr'>panem</span> <span class='ocrx_word' id='word_1_242' title='bbox 1241 2179 1442 2229; x_wconf 81' lang='lat' dir='ltr'>doloris5.</span> <span class='ocrx_word' id='word_1_243' title='bbox 1465 2204 1486 2223; x_wconf 86' lang='lat'>»</span> 
     </span>
     <span class='ocr_line' id='line_1_29' title="bbox 110 2251 1484 2316; baseline 0 -18"><span class='ocrx_word' id='word_1_244' title='bbox 110 2253 232 2311; x_wconf 85' lang='lat' dir='ltr'>Quid</span> <span class='ocrx_word' id='word_1_245' title='bbox 249 2264 311 2298; x_wconf 90' lang='lat' dir='ltr'>est</span> <span class='ocrx_word' id='word_1_246' title='bbox 335 2271 345 2297; x_wconf 89' lang='lat'>:</span> <span class='ocrx_word' id='word_1_247' title='bbox 374 2275 393 2293; x_wconf 85' lang='lat'>«</span> <span class='ocrx_word' id='word_1_248' title='bbox 417 2253 586 2313; x_wconf 84' lang='lat' dir='ltr'>Surgite</span> <span class='ocrx_word' id='word_1_249' title='bbox 610 2263 844 2316; x_wconf 86' lang='lat' dir='ltr'>postquam</span> <span class='ocrx_word' id='word_1_250' title='bbox 866 2251 1064 2297; x_wconf 63' lang='lat' dir='ltr'>sedistis?</span> <span class='ocrx_word' id='word_1_251' title='bbox 1090 2251 1179 2308; x_wconf 83' lang='lat' dir='ltr'>Qui</span> <span class='ocrx_word' id='word_1_252' title='bbox 1203 2268 1244 2296; x_wconf 90' lang='lat' dir='ltr'>se</span> <span class='ocrx_word' id='word_1_253' title='bbox 1262 2251 1484 2311; x_wconf 83' lang='lat' dir='ltr'>humiliat,</span> 
     </span>
     <span class='ocr_line' id='line_1_30' title="bbox 112 2321 1489 2387; baseline 0.002 -21"><span class='ocrx_word' id='word_1_254' title='bbox 112 2346 132 2366; x_wconf 73' lang='lat'>2&gt;</span> <span class='ocrx_word' id='word_1_255' title='bbox 154 2323 458 2370; x_wconf 69' lang='lat' dir='ltr'>exaltabiturss.</span> <span class='ocrx_word' id='word_1_256' title='bbox 489 2345 508 2364; x_wconf 76' lang='lat'>»</span> <span class='ocrx_word' id='word_1_257' title='bbox 534 2323 655 2381; x_wconf 82' lang='lat' dir='ltr'>Quid</span> <span class='ocrx_word' id='word_1_258' title='bbox 686 2334 829 2368; x_wconf 87' lang='lat' dir='ltr'>autem</span> <span class='ocrx_word' id='word_1_259' title='bbox 860 2322 967 2367; x_wconf 84' lang='lat' dir='ltr'>boni</span> <span class='ocrx_word' id='word_1_260' title='bbox 990 2322 1152 2367; x_wconf 81' lang='lat' dir='ltr'>habeat</span> <span class='ocrx_word' id='word_1_261' title='bbox 1176 2321 1341 2367; x_wconf 88' lang='lat' dir='ltr'>auditio</span> <span class='ocrx_word' id='word_1_262' title='bbox 1357 2360 1368 2379; x_wconf 84' lang='lat'><strong><em>‚</em></strong></span> <span class='ocrx_word' id='word_1_263' title='bbox 1397 2323 1489 2387; x_wconf 83' lang='lat' dir='ltr'>ipse</span> 
     </span>
     <span class='ocr_line' id='line_1_31' title="bbox 110 2392 1489 2458; baseline -0.001 -17"><span class='ocrx_word' id='word_1_264' title='bbox 110 2395 324 2441; x_wconf 90' lang='lat' dir='ltr'>Dominus</span> <span class='ocrx_word' id='word_1_265' title='bbox 347 2395 464 2440; x_wconf 89' lang='lat' dir='ltr'>testis</span> <span class='ocrx_word' id='word_1_266' title='bbox 489 2405 568 2450; x_wconf 84' lang='lat' dir='ltr'>est,</span> <span class='ocrx_word' id='word_1_267' title='bbox 589 2393 770 2457; x_wconf 85' lang='lat' dir='ltr'>loquens</span> <span class='ocrx_word' id='word_1_268' title='bbox 793 2394 846 2439; x_wconf 89' lang='lat' dir='ltr'>de</span> <span class='ocrx_word' id='word_1_269' title='bbox 867 2393 1004 2438; x_wconf 81' lang='lat' dir='ltr'>Maria</span> <span class='ocrx_word' id='word_1_270' title='bbox 1021 2409 1122 2456; x_wconf 85' lang='lat' dir='ltr'>quae</span> <span class='ocrx_word' id='word_1_271' title='bbox 1142 2392 1316 2438; x_wconf 85' lang='lat' dir='ltr'>sedebat</span> <span class='ocrx_word' id='word_1_272' title='bbox 1342 2393 1397 2439; x_wconf 87' lang='lat' dir='ltr'>ad</span> <span class='ocrx_word' id='word_1_273' title='bbox 1413 2412 1489 2458; x_wconf 87' lang='lat' dir='ltr'>pe-</span> 
     </span>
     <span class='ocr_line' id='line_1_32' title="bbox 111 2463 1488 2526; baseline -0.001 -13"><span class='ocrx_word' id='word_1_274' title='bbox 111 2467 185 2513; x_wconf 88' lang='lat' dir='ltr'>des</span> <span class='ocrx_word' id='word_1_275' title='bbox 209 2470 316 2526; x_wconf 82' lang='lat' dir='ltr'>ejus,</span> <span class='ocrx_word' id='word_1_276' title='bbox 354 2477 396 2512; x_wconf 88' lang='lat' dir='ltr'>et</span> <span class='ocrx_word' id='word_1_277' title='bbox 411 2465 595 2512; x_wconf 71' lang='lat' dir='ltr'>verbum</span> <span class='ocrx_word' id='word_1_278' title='bbox 612 2469 703 2524; x_wconf 84' lang='lat' dir='ltr'>ejus</span> <span class='ocrx_word' id='word_1_279' title='bbox 720 2465 939 2511; x_wconf 84' lang='lat' dir='ltr'>audiebat.</span> <span class='ocrx_word' id='word_1_280' title='bbox 971 2463 1085 2509; x_wconf 89' lang='lat' dir='ltr'>Cum</span> <span class='ocrx_word' id='word_1_281' title='bbox 1112 2464 1228 2509; x_wconf 88' lang='lat' dir='ltr'>enim</span> <span class='ocrx_word' id='word_1_282' title='bbox 1249 2481 1369 2510; x_wconf 90' lang='lat' dir='ltr'>soror</span> <span class='ocrx_word' id='word_1_283' title='bbox 1397 2469 1488 2525; x_wconf 84' lang='lat' dir='ltr'>ejus</span> 
     </span>
     <span class='ocr_line' id='line_1_33' title="bbox 111 2534 1490 2602; baseline -0.001 -19"><span class='ocrx_word' id='word_1_284' title='bbox 111 2537 444 2602; x_wconf 88' lang='lat' dir='ltr'>occupatissima</span> <span class='ocrx_word' id='word_1_285' title='bbox 462 2536 578 2582; x_wconf 87' lang='lat' dir='ltr'>circa</span> <span class='ocrx_word' id='word_1_286' title='bbox 603 2535 907 2591; x_wconf 73' lang='lat' dir='ltr'>ministerium,</span> <span class='ocrx_word' id='word_1_287' title='bbox 929 2553 951 2580; x_wconf 88' lang='lat' dir='ltr'>a</span> <span class='ocrx_word' id='word_1_288' title='bbox 969 2550 1171 2595; x_wconf 80' lang='lat' dir='ltr'>gennana</span> <span class='ocrx_word' id='word_1_289' title='bbox 1188 2551 1262 2581; x_wconf 87' lang='lat' dir='ltr'>sua</span> <span class='ocrx_word' id='word_1_290' title='bbox 1278 2534 1490 2582; x_wconf 85' lang='lat' dir='ltr'>desertam</span> 
     </span>
    </p>
   </div>
   <div class='ocr_carea' id='block_1_4' title="bbox 113 2626 1498 2729">
    <p class='ocr_par' dir='ltr' id='par_1_5' title="bbox 113 2626 1498 2729">
     <span class='ocr_line' id='line_1_34' title="bbox 161 2626 1498 2672; baseline -0.006 -7"><span class='ocrx_word' id='word_1_291' title='bbox 161 2634 171 2656; x_wconf 85' lang='lat'>¹</span> <span class='ocrx_word' id='word_1_292' title='bbox 198 2634 278 2665; x_wconf 81' lang='lat' dir='ltr'>Psal.</span> <span class='ocrx_word' id='word_1_293' title='bbox 298 2645 328 2671; x_wconf 64' lang='grc' dir='ltr'>ι,</span> <span class='ocrx_word' id='word_1_294' title='bbox 355 2645 403 2665; x_wconf 87' lang='lat'>10.</span> <span class='ocrx_word' id='word_1_295' title='bbox 419 2631 491 2656; x_wconf 83' lang='lat'>-2</span> <span class='ocrx_word' id='word_1_296' title='bbox 512 2635 607 2664; x_wconf 76' lang='lat' dir='ltr'>Joan.</span> <span class='ocrx_word' id='word_1_297' title='bbox 628 2643 682 2668; x_wconf 85' lang='lat'>111,</span> <span class='ocrx_word' id='word_1_298' title='bbox 698 2643 731 2672; x_wconf 88' lang='lat'>9.</span> <span class='ocrx_word' id='word_1_299' title='bbox 745 2629 821 2657; x_wconf 79' lang='lat'>...³</span> <span class='ocrx_word' id='word_1_300' title='bbox 839 2635 917 2665; x_wconf 86' lang='lat' dir='ltr'>Luc.</span> <span class='ocrx_word' id='word_1_301' title='bbox 939 2641 971 2670; x_wconf 86' lang='lat' dir='ltr'>x,</span> <span class='ocrx_word' id='word_1_302' title='bbox 994 2631 1048 2671; x_wconf 85' lang='lat'>39.</span> <span class='ocrx_word' id='word_1_303' title='bbox 1063 2647 1109 2653; x_wconf 92' lang='lat'>—</span> <span class='ocrx_word' id='word_1_304' title='bbox 1128 2626 1142 2653; x_wconf 77' lang='lat'>⁴</span> <span class='ocrx_word' id='word_1_305' title='bbox 1160 2631 1258 2666; x_wconf 82' lang='lat' dir='ltr'>Joau.</span> <span class='ocrx_word' id='word_1_306' title='bbox 1278 2641 1310 2663; x_wconf 77' lang='lat' dir='ltr'>vr</span> <span class='ocrx_word' id='word_1_307' title='bbox 1323 2641 1362 2670; x_wconf 88' lang='lat'>11,</span> <span class='ocrx_word' id='word_1_308' title='bbox 1382 2636 1437 2670; x_wconf 59' lang='grc'>44,</span> <span class='ocrx_word' id='word_1_309' title='bbox 1452 2648 1498 2657; x_wconf 87' lang='grc'>.-</span> 
     </span>
     <span class='ocr_line' id='line_1_35' title="bbox 113 2684 735 2729; baseline -0.008 -9"><span class='ocrx_word' id='word_1_310' title='bbox 113 2686 127 2710; x_wconf 84' lang='lat'>5</span> <span class='ocrx_word' id='word_1_311' title='bbox 146 2687 226 2720; x_wconf 84' lang='lat' dir='ltr'>Psal.</span> <span class='ocrx_word' id='word_1_312' title='bbox 243 2698 349 2726; x_wconf 76' lang='lat' dir='ltr'>cxxvi,</span> <span class='ocrx_word' id='word_1_313' title='bbox 369 2699 458 2720; x_wconf 84' lang='lat'>2.—</span> <span class='ocrx_word' id='word_1_314' title='bbox 471 2684 486 2708; x_wconf 82' lang='lat'><strong>6</strong></span> <span class='ocrx_word' id='word_1_315' title='bbox 499 2688 574 2718; x_wconf 90' lang='lat' dir='ltr'>Luc.</span> <span class='ocrx_word' id='word_1_316' title='bbox 593 2695 662 2729; x_wconf 69' lang='lat' dir='ltr'>xiv,</span> <span class='ocrx_word' id='word_1_317' title='bbox 683 2696 693 2715; x_wconf 79' lang='grc' dir='ltr'><em>ι</em></span> <span class='ocrx_word' id='word_1_318' title='bbox 706 2695 735 2720; x_wconf 74' lang='lat' dir='ltr'>x,</span> 
     </span>
    </p>
   </div>
  </div>
 </body>
</html>
