1866 3241
411 330 471 380 <32
831 352 866 383 s.
909 350 1150 384 mensum
1186 351 1388 385 Emscom
1864 387 1866 396 ,

410 412 535 471 fecit,
562 413 707 480 ipsum
734 414 978 462 audivimus
998 417 1241 463 dicentem:
1267 440 1287 460 «
1310 419 1407 464 Non
1440 430 1583 484 potest
1605 416 1737 465 Filius
1759 429 1782 464 a
1852 398 1866 492 l

410 503 432 526 »
454 499 498 530 se
525 483 664 531 facere
686 485 951 549 quidquam,
977 487 1058 532 nisi
1084 487 1204 551 quod
1230 488 1387 535 viderit
1412 490 1588 535 Patrem
1614 489 1781 535 facien-

414 576 437 598 »
459 564 561 602 tem.
585 575 608 597 ›>
626 555 727 601 Jam
748 555 852 601 fecit
870 557 1000 600 Pater
1018 566 1066 601 ut
1089 557 1234 603 videat
1249 558 1367 620 quod
1388 558 1520 605 faciat
1547 559 1679 604 Filius
1703 576 1714 603 ι
1743 568 1786 603 et

410 635 558 671 tamen
572 625 686 671 nihil
697 625 804 671 facit
819 629 946 671 Pater
963 626 1044 671 nisi
1061 644 1139 690 per
1153 626 1324 674 Filium.
1336 632 1461 673 Certe
1476 629 1683 685 turbaris,
1694 628 1784 674 hae-

409 695 564 753 retice,
592 706 704 741 certe
740 696 964 742 turbaris:
995 696 1069 742 sed
1102 708 1310 761 tanquam
1344 698 1568 744 helleboro
1604 709 1784 762 accepto

408 766 616 823 turbaris,
639 776 689 811 ut
700 766 873 813 saneris.
899 767 921 810 J
928 784 999 812 am
1020 777 1062 812 te
1080 785 1167 813 non
1184 769 1349 814 invenis
1364 806 1374 824 ,
1395 770 1648 815 sententiam
1665 779 1785 814 tuam

409 846 453 881 et
469 836 686 884 carnalem
697 836 907 882 intuitum
930 846 1053 882 tuum
1065 875 1076 894 ‚
1096 848 1309 900 quantum
1326 838 1530 895 arbitror,
1550 840 1679 884 etiam
1696 839 1786 902 ipse

409 905 686 953 condemnas.
705 906 885 970 Repone
902 906 1049 952 oculos
1066 907 1207 952 carnis
1224 917 1324 970 post
1347 917 1387 952 te
1403 945 1414 964 ,
1434 908 1546 967 erige
1569 908 1602 953 si
1623 907 1787 970 aliquid

409 974 546 1021 habes
576 975 623 1021 in
654 975 784 1022 corde
803 1013 815 1034 ‚
850 975 998 1023 divina
1022 977 1203 1023 intuere.
1232 976 1367 1022 Audis
1392 977 1569 1039 quidem
1596 977 1787 1023 humana
1842 972 1844 980 ¹

410 1045 544 1091 verba
568 1062 648 1109 per
671 1045 918 1104 hominem,
940 1064 1018 1111 per
1041 1046 1381 1107 Evangelistam‚
1406 1064 1484 1111 per
1509 1047 1787 1107 Evangelium
1840 1054 1852 1075 ⁶³·

412 1114 537 1161 audis
552 1116 747 1162 humana
772 1117 928 1174 verba,
954 1118 1066 1163 sicut
1082 1118 1216 1163 homo
1241 1134 1251 1161 ε
1274 1117 1348 1162 sed
1373 1116 1427 1162 de
1449 1117 1593 1162 Verbo
1616 1118 1696 1162 Dei
1716 1135 1788 1163 au·
1839 1121 1841 1131 '

413 1183 503 1242 dis,
525 1196 575 1231 ut
586 1186 780 1232 humana
803 1186 953 1233 audias
967 1224 978 1244 ,
997 1187 1144 1234 divina
1164 1203 1411 1246 cognoscas
1433 1186 1677 1246 Exagitavit
1692 1205 1789 1232 ma—

414 1254 571 1313 gister,
605 1267 655 1301 ut
694 1257 909 1310 erudiret3
942 1257 1171 1304 seminavit
1197 1256 1501 1320 quaestionem,
1529 1266 1579 1301 ut
1602 1269 1791 1303 moveret
1837 1251 1838 1254 Ἴ

413 1323 713 1372 intentionem.
739 1347 758 1368 «
778 1328 875 1372 lNon
887 1336 1031 1390 potest
1042 1326 1174 1372 Filius
1188 1344 1211 1372 a
1225 1343 1266 1371 se
1281 1326 1419 1371 facere
1432 1325 1691 1389 quidquam,
1710 1327 1790 1372 nisi

413 1414 435 1435 »
461 1393 582 1456 quod
597 1394 758 1441 viderit
772 1396 949 1440 Patrem
960 1396 1204 1441 facientem.
1231 1417 1251 1437 >³
1273 1397 1548 1458 Consequens
1566 1405 1655 1440 erat
1672 1396 1791 1459 quod
1818 1414 1843 1460 κέ·

418 1461 582 1508 diceret
601 1480 612 1508 ε
635 1463 937 1527 Quaecumque
960 1464 1076 1510 enim
1100 1466 1230 1509 Pater
1241 1464 1371 1521 facit,
1391 1465 1492 1510 talia
1511 1464 1616 1509 facit
1639 1466 1783 1512 Filius.

415 1533 516 1579 Non
532 1533 619 1579 hoc
637 1534 718 1588 ait;
742 1534 816 1580 sed
837 1550 847 1578 :
873 1555 893 1576 α
916 1534 1218 1598 Quaecumque
1234 1535 1363 1580 Pater
1379 1535 1484 1582 facit
1498 1571 1509 1591 ‚
1531 1535 1629 1580 haec
1643 1535 1791 1581 eadem
1836 1557 1838 1581 i

415 1623 437 1645 »
461 1614 503 1648 et
527 1603 660 1649 Filius
684 1604 803 1651 facit.
825 1625 846 1647 ))
871 1606 969 1650 Non
988 1605 1069 1650 alia
1094 1605 1227 1650 Pater
1248 1605 1381 1662 facit,
1398 1604 1481 1651 alia
1501 1605 1633 1650 Filius
1657 1605 1786 1651 facit:
1835 1644 1838 1650 .

417 1674 520 1736 quia
542 1675 686 1720 omnia
704 1692 804 1738 quae
820 1676 951 1721 Pater
967 1676 1094 1733 facit,
1133 1692 1213 1739 per
1240 1675 1398 1721 Filium
1417 1674 1535 1721 facit.
1561 1675 1792 1722 Suscitavit
1826 1674 1829 1706 ἶ

415 1744 630 1789 Lazarum
657 1744 832 1801 Filiusst,
858 1744 1075 1807 numquid
1094 1746 1224 1790 Pater
1242 1762 1341 1790 eum
1355 1761 1442 1791 non
1459 1745 1706 1791 suscitavit?
1729 1745 1792 1790 H-
1824 1775 1834 1803 3-

415 1813 647 1861 luminavit
676 1814 808 1860 Filius
833 1815 1047 1872 caecum2‚
1072 1814 1290 1879 numquid
1314 1816 1442 1860 Pater
1467 1831 1556 1860 non
1577 1814 1792 1860 illumina-
1823 1831 1826 1850 ι

414 1884 509 1930 vit?
532 1884 663 1929 Pater
694 1901 772 1948 per
799 1884 957 1930 Filium
987 1886 1034 1930 in
1069 1885 1237 1948 Spiritu
1270 1885 1445 1931 Sancto.
1473 1884 1660 1929 Trinitas
1693 1896 1753 1929 est
1777 1898 1788 1930 τ
1822 1890 1824 1896 ’

418 1953 493 1999 sed
516 1970 603 1999 una
625 1956 819 2018 operatio
834 1992 845 2012 ,
868 1971 953 2000 una
983 1959 1202 2015 majestas,
1231 1972 1318 2001 una
1344 1955 1580 2012 aeternitas,
1607 1971 1691 2000 una
1715 1969 1792 2000 co-
1820 1953 1823 1966 ¹

421 2024 660 2081 aeternitas,
689 2034 732 2083 et
757 2042 889 2089 opera
918 2025 1067 2070 eadem
1087 2025 1326 2072 Trinitatis.
1353 2026 1452 2070 iN‘on
1480 2024 1583 2069 alios
1605 2024 1826 2069 homines

421 2111 538 2145 creat
565 2101 712 2158 Pater,
752 2100 857 2147 alios
887 2100 1043 2158 Filius,
1077 2101 1180 2147 alios
1212 2101 1401 2165 Spiritus
1427 2109 1599 2144 sanctus
1627 2116 1637 2143 :
1665 2114 1800 2143 unum
1816 2113 1831 2156 J·

420 2169 708 2234 eumdemque
728 2170 953 2216 hominem
977 2181 1019 2214 et
1045 2171 1175 2215 Pater
1190 2180 1232 2215 et
1265 2168 1397 2214 Filius
1411 2178 1454 2213 et
1474 2167 1661 2231 Spiritus
1680 2162 1818 2232 sanc-3

416 2250 487 2285 tus
504 2249 707 2301 creat3et
725 2239 856 2285 Pater
871 2250 914 2284 et
935 2238 1069 2285 Filius
1086 2248 1129 2284 et
1148 2237 1336 2302 Spiritus
1351 2247 1524 2283 sanctus
1555 2252 1668 2282 unus
1685 2236 1799 2281 Deus
1813 2234 1830 2288 i
1865 2274 1866 2277 ,

421 2320 552 2356 creat.

481 2380 560 2426 XI.
600 2377 800 2426 Attendis
826 2377 1127 2442 pluralitatem
1152 2391 1429 2441 personarum
1444 2413 1455 2432 ‚
1485 2374 1559 2420 sed
1583 2374 1793 2420 unitatem

416 2448 666 2496 Divinitatis
690 2464 885 2507 agnosce.
917 2448 1105 2510 Propter
1126 2445 1420 2511 pluralitatem
1446 2444 1560 2489 enim
1583 2448 1811 2507 persona-'2

415 2535 512 2566 rum
533 2517 703 2563 dictum
721 2529 784 2563 est
804 2536 814 2562 ε
839 2518 1096 2562 «Faciamus
1121 2517 1343 2562 hominem
1356 2515 1410 2560 ad
1427 2515 1658 2574 imaginem
1677 2524 1719 2558 et
1734 2513 1809 2561 Sl-1
1858 2522 1865 2566 h

414 2612 436 2634 >2
451 2587 743 2636 militudinem
764 2598 968 2635 nostram.
993 2609 1014 2630 »
1034 2589 1131 2634 Non
1150 2588 1209 2634 ait
1232 2605 1243 2633 :
1275 2587 1448 2634 Faciam
1475 2586 1698 2631 hominem
1716 2622 1728 2642 ,
1754 2587 1812 2646 eL

1804 2652 1806 2676 ἶ

465 2677 476 2701 ²
496 2679 591 2712 Joan.
608 2687 658 2710 xx.
676 2693 721 2702 ·—
739 2676 754 2700 2
770 2677 818 2710 Id.
839 2688 883 2712 xx.
