1866 3241
335 244 364 297 8
755 269 792 298 s.
831 267 1072 300 AUGUSTINI
1106 270 1307 301 131‘1scor1

336 342 467 377 runt:
491 331 600 378 nihil
626 332 727 378 mali
745 334 909 380 habent
925 373 935 391 ‚
959 334 1039 380 nisi
1062 335 1179 398 quod
1209 335 1261 380 de
1285 335 1447 396 origine
1466 344 1697 382 traxerunt.

340 403 436 447 exon
468 420 537 448 cos
570 403 810 466 impediant
847 423 869 450 a
898 405 1057 461 salute,
1089 406 1163 469 qui
1193 406 1245 451 ad
1273 406 1317 451 id
1344 406 1462 469 quod
1490 416 1707 451 traxerunt

339 471 474 518 multa
498 473 771 521 addiderunt.
799 475 887 530 Qui
906 480 1041 535 major
1063 487 1124 521 est
1146 487 1289 527 aetate,
1317 480 1454 536 major
1474 486 1535 521 est
1558 486 1598 521 et
1619 475 1708 521 ini-

341 542 518 606 quitate.
551 542 635 588 Sed
654 544 788 603 gratia
809 545 882 590 Dei
906 545 1018 590 delet
1043 545 1160 608 quod
1182 546 1359 601 traxisti,
1388 545 1501 591 delet
1526 556 1568 591 et
1590 544 1709 608 quod

344 611 564 658 addidisti.
587 634 608 654 <c
626 613 714 658 Ubi
731 615 845 661 enim
863 615 1104 662 abundavit
1115 626 1361 679 peccatum,
1383 613 1709 679 superabunda-

343 703 363 724 »
387 682 452 727 vit
473 682 655 742 gratia1.
681 704 702 725 »

337 865 365 877 Β.
373 865 757 879 ΣΎὉΜΝἮἎΜἏἯΜ
764 867 820 879 w·-
826 868 1310 882 §mmmmm-mummi·
1317 870 1493 882 §.xxm-M
1500 868 1715 882 “uuum

813 991 1017 1039 SERMO
1055 992 1196 1041 CXVI
1213 994 1246 1040 2.

349 1124 415 1170 De
439 1124 582 1171 verbis
609 1124 831 1185 Evangelii
851 1126 984 1173 Lucae
1007 1143 1125 1174 xxtv.
1178 1130 1313 1173 Stetit
1327 1131 1462 1174 lesus
1484 1133 1531 1173 in
1564 1129 1720 1174 medio

563 1212 719 1240 eorum
734 1230 747 1250 ,
784 1207 831 1240 ec
855 1197 979 1241 alexit
994 1199 1058 1242 eis
1081 1216 1093 1241 :
1118 1202 1230 1243 Pax
1251 1198 1398 1254 vobis,
1419 1209 1502 1244 etc.

418 1350 454 1396 Ι.
484 1349 714 1394 ΑΡΡΑΒυῐτ
738 1349 950 1395 Dominus
978 1360 1077 1413 post
1113 1348 1467 1395 resurrectionem
1494 1349 1724 1413 Discipulis

354 1419 462 1473 suis,
495 1418 604 1464 sicut
641 1418 846 1475 audistis,
878 1430 920 1465 et
950 1419 1153 1465 salutavit
1175 1436 1262 1475 eos,
1292 1419 1464 1465 dicens:
1494 1420 1625 1464 «Pax
1643 1436 1725 1464 vo-

357 1508 378 1530 »
396 1489 464 1534 bis
485 1488 516 1535 3.
551 1510 571 1530 »
592 1488 698 1534 Haec
722 1499 784 1534 est
811 1507 910 1552 pax,
945 1500 987 1534 et
1012 1489 1210 1535 salutatio
1237 1489 1385 1535 salutis
1407 1507 1418 1535 ε
1446 1506 1545 1534 nam
1569 1499 1611 1534 et
1635 1489 1728 1553 ipsa

360 1557 559 1604 salutatio
577 1576 600 1603 a
621 1558 755 1604 salute
782 1576 938 1604 nomen
957 1559 1137 1623 accepit.
1171 1559 1255 1605 Sed
1280 1559 1388 1622 quid
1407 1558 1574 1614 melius,
1596 1575 1729 1622 quam

358 1638 408 1674 ut
426 1628 517 1691 ipsa
539 1628 693 1673 salutet
715 1629 969 1675 hominem?
991 1630 1113 1675 Salus
1130 1631 1243 1675 enim
1264 1641 1407 1675 nostra
1427 1629 1626 1674 Christus
1646 1640 1721 1675 est.

361 1699 461 1762 Ipse,
484 1709 546 1743 est
566 1698 678 1744 enim
705 1699 816 1745 salus
834 1710 995 1753 nostra,
1020 1700 1096 1763 qui
1128 1700 1377 1747 vulneratus
1395 1710 1457 1745 est
1475 1717 1556 1763 pro
1583 1699 1726 1756 nobis,

358 1778 402 1814 et
438 1769 629 1814 confixus
658 1779 721 1814 est
760 1769 892 1815 clavis
924 1770 969 1815 in
1001 1770 1141 1831 lig1103
1183 1781 1225 1816 et
1259 1771 1480 1834 depositus
1514 1769 1568 1815 de
1591 1769 1727 1830 ligno,

360 1838 527 1901 positus
551 1839 597 1884 in
615 1838 826 1903 sepulcro,
863 1840 927 1885 De
965 1840 1164 1903 sepulcro
1182 1852 1325 1886 autem
1352 1840 1548 1894 surrexit,
1575 1839 1731 1885 sanatis

361 1907 632 1965 vulneribus,
676 1910 851 1955 servatis
883 1909 1174 1957 cicatricibus.
1219 1911 1314 1969 Hoc
1347 1911 1461 1955 enim
1498 1909 1732 1973 Discipulis

364 1978 450 2023 suis
478 1979 676 2043 expedire
704 1979 945 2039 judicavit,
982 1991 1030 2025 ut
1065 1981 1286 2026 cicatrices
1322 1984 1413 2040 ejus
1444 1991 1729 2037 servarentur,
1764 1974 1769 1977 ’

366 2048 482 2094 unde
513 2049 655 2094 cordis
673 2050 851 2095 vulnera
883 2061 1146 2097 sanarentur.
1178 2051 1290 2107 Quae
1308 2050 1513 2096 vulnera?
1546 2049 1733 2096 Vulnera

363 2117 641 2166 infidelitatis.
672 2120 890 2183 Apparuit
908 2121 1021 2165 enim
1048 2120 1184 2166 oculis
1200 2138 1345 2166 corum
1360 2137 1504 2166 veram
1528 2119 1734 2166 exhibens

366 2205 539 2234 carnem
559 2206 570 2234 z
588 2200 630 2235 et
642 2200 905 2254 putaverunt
928 2208 968 2236 se
991 2191 1190 2255 spiritum
1212 2191 1371 2238 videre.
1398 2191 1493 2235 [Non
1517 2190 1607 2236 leve
1631 2190 1734 2236 vul-

365 2275 448 2304 nus
470 2259 556 2304 hoc
573 2260 715 2305 cordis
736 2271 811 2307 est.
832 2262 1029 2325 Denique
1050 2261 1245 2307 haeresim
1271 2261 1501 2321 malignam
1518 2261 1730 2317 fecerunt,

367 2328 443 2391 qui
464 2329 509 2374 in
525 2329 605 2375 isto
619 2330 793 2376 vulnere
806 2342 1115 2377 remanserunt.
1148 2331 1232 2377 Sed
1256 2348 1343 2376 non
1361 2341 1566 2394 putamus
1586 2329 1736 2375 vulne—

366 2409 482 2443 ratos
515 2398 641 2445 fuisse
675 2400 941 2465 Discipulos,
981 2402 1082 2465 quia
1113 2402 1200 2447 cito
1234 2401 1369 2447 sanati
1394 2402 1524 2446 sunt?
1565 2400 1737 2458 Cogitet

374 2468 576 2516 Charitas
595 2470 760 2529 Vestra,
780 2472 815 2518 si
838 2472 883 2518 in
904 2473 986 2519 isto
1007 2472 1182 2520 vulnere
1207 2472 1522 2528 remansissent,
1539 2481 1734 2534 utputa—

420 2569 432 2594 1
447 2571 541 2603 Rom.
553 2581 585 2611 r,
601 2572 633 2603 5.
645 2570 718 2596 ...2
736 2573 824 2606 Alias
840 2584 875 2605 xv
890 2584 928 2606 ex
942 2573 1056 2609 additis
1071 2585 1089 2607 a
1105 2569 1401 2607 Pariensihus.—³
1419 2575 1494 2606 Luc.
1513 2581 1604 2611 xxiv,
1620 2572 1674 2604 36.
