1866 3241
148 360 289 391 sunno
328 361 475 401 (mxxi,
520 360 571 389 mz
609 359 765 390 VERBIS
802 360 953 391 Arosr.
995 361 1158 391 Primi».
1204 363 1262 393 lv.
1338 347 1431 403 465

57 425 194 472 donec
220 426 397 471 finiatur
419 424 628 485 gaudium
653 426 698 470 in
717 425 891 472 saeculo.
926 426 1148 473 Gaudium
1172 429 1217 474 in
1244 429 1433 474 Domino

57 513 223 560 semper
240 506 445 555 augeatur
469 513 479 539 :
508 495 714 554 gaudium
741 496 785 541 in
806 496 963 542 saeculo
992 515 1158 560 semper
1191 499 1431 555 minuatur,

58 566 194 612 donec
221 566 410 612 finiatur.
438 565 537 610 Non
559 565 655 610 idco
682 565 761 611 ista
783 565 1015 621 dicuntur,
1043 568 1246 629 quoniam
1274 569 1320 613 in
1344 569 1432 615 hoc

60 635 217 682 saeculo
240 653 342 682 cum
365 652 529 691 sumus,
557 635 742 695 gaudere
759 654 846 681 non
870 636 1077 682 dehemus
1105 655 1115 682 :
1145 638 1218 683 sed
1237 650 1284 684 ut
1306 639 1437 685 etiam

59 708 105 754 in
139 707 226 752 hoc
255 706 416 753 saeculo
457 706 707 763 constituti,
735 711 826 766 jam
861 708 907 752 in
936 707 1118 752 Domino
1152 709 1430 768 gaudeamus,

63 777 148 824 Sed
172 777 232 822 ait
263 777 417 840 aliquis
446 795 456 821 ι
484 778 533 822 ln
566 777 723 822 saeculo
764 795 889 831 sum3
917 778 1068 841 utique
1091 779 1125 823 si
1154 779 1320 839 gaudeo
1338 818 1349 836 ,
1373 781 1437 825 ibi

4 875 5 878 =
64 846 228 907 gaudeo
246 847 325 892 ubi
347 864 456 893 sum.
485 846 605 903 Quid
638 847 780 893 enim?
803 847 905 910 quia
926 866 968 893 cs
998 848 1043 892 in
1070 848 1247 905 saeculo,
1275 850 1321 895 in
1345 851 1439 895 Do-

18 826 26 1162 *
65 919 182 964 mino
205 935 293 963 non
318 920 389 963 es?
416 917 532 963 Audi
555 918 754 963 eumdem
781 918 1037 981 Apostolum
1072 919 1126 963 ad
1161 919 1442 966 Athenienses

65 988 338 1051 loquentem,
369 998 411 1032 et
428 987 475 1032 in
504 987 686 1032 Actibus
712 987 1017 1050 Apostolorum
1037 987 1253 1034 dicentem
1270 990 1323 1035 de
1353 992 1443 1035 Deo

5 1083 7 1086 ⁴
67 1069 110 1103 et
127 1057 180 1103 de
206 1058 396 1103 Domino
424 1067 615 1102 creatore
635 1068 781 1103 nostro
809 1075 819 1102 t
849 1079 867 1097 «
889 1058 940 1102 ln
962 1057 1036 1102 illo
1059 1058 1260 1115 vivimus,
1284 1070 1326 1104 et
1348 1077 1446 1105 mo-

68 1150 89 1169 »
111 1145 279 1184 vemur‚
297 1138 339 1172 et
357 1144 502 1173 sumus
522 1126 556 1174 4.
584 1149 603 1168 ›>
624 1128 713 1184 Qui
727 1129 842 1173 enim
864 1128 1026 1190 ubique
1049 1138 1128 1183 cst,
1154 1130 1232 1175 ubi
1248 1148 1335 1175 non
1354 1134 1445 1177 est?

23 1163 27 1222 l
68 1199 220 1244 Nonne
240 1197 294 1243 ad
321 1198 406 1243 hoc
432 1215 509 1243 nos
538 1197 849 1243 exhortabatur
863 1202 881 1243 P
905 1220 924 1238 «
947 1198 1160 1243 Dominus
1187 1199 1232 1245 in
1250 1202 1446 1264 proximo

69 1290 89 1311 »
109 1280 193 1325 est,
234 1267 345 1313 nihil
370 1267 541 1314 solliciti
572 1267 737 1313 fueritis
751 1269 784 1314 2.
815 1292 833 1308 »
862 1269 1068 1327 Magnum
1101 1279 1162 1313 est
1190 1269 1293 1327 hoc,
1329 1271 1449 1334 quod

23 1225 31 1536 l
69 1337 260 1384 ascendit
281 1355 410 1401 super
430 1355 576 1382 omnes
600 1337 734 1384 coelos
752 1375 762 1394 ,
789 1348 830 1382 et
854 1338 1075 1400 proximus
1101 1349 1162 1382 est
1181 1339 1239 1384 eis
1263 1342 1339 1403 qui
1357 1358 1449 1387 ver-

68 1420 217 1455 santur
231 1408 275 1453 in
300 1408 433 1454 terris.
461 1408 570 1463 Quis
588 1418 650 1452 est
667 1408 744 1453 iste
766 1407 1028 1470 longinquus
1049 1418 1089 1452 et
1108 1409 1345 1471 proximus,
1370 1412 1452 1457 nisi

11 1503 13 1526 :
69 1480 146 1541 qui
170 1478 295 1524 nobis
314 1477 607 1522 misericordia
623 1476 765 1522 factus
789 1487 851 1522 est
875 1478 1128 1539 proximus?

28 1562 31 1626 Ι
137 1549 196 1594 ΙΙ.
228 1548 389 1592 Totum
413 1546 528 1591 enim
561 1563 694 1606 genus
722 1546 968 1591 humanum
1002 1557 1063 1590 est
1095 1546 1227 1592 homo
1252 1547 1323 1593 ille
1340 1587 1349 1605 ‚
1377 1551 1453 1613 qui

4 1636 10 1659 1·
29 1641 32 1656 ·
66 1616 242 1677 jacebat
266 1616 311 1661 in
333 1615 404 1661 via
421 1615 652 1661 semivivus
674 1634 697 1660 a
719 1615 961 1660 latronibus
985 1614 1178 1671 relictus,
1200 1633 1329 1679 quem
1348 1635 1451 1664 con-

9 1715 14 1733 :
74 1687 246 1751 tempsit
272 1685 479 1731 transiens
504 1685 701 1731 sacerdos
727 1696 770 1731 et
797 1686 969 1741 levites,
999 1696 1041 1730 et
1070 1687 1247 1731 accessit
1274 1688 1329 1733 ad
1353 1706 1453 1734 eum

72 1757 316 1803 curandum
332 1756 454 1818 eique
475 1755 786 1818 opitulandum
809 1756 1018 1800 transiens
1049 1755 1361 1805 Samaritanus,
1392 1759 1451 1804 Ut

75 1838 217 1873 autem
242 1835 435 1871 narraret
469 1825 555 1870 hoc
570 1861 581 1880 ‚
624 1825 740 1869 unde
763 1842 890 1870 causa
915 1825 1172 1870 descendit?
1205 1826 1452 1881 Quemdam

75 1907 340 1960 quaerentem
358 1911 457 1958 quae
472 1895 556 1939 sint
580 1894 745 1957 optima
761 1905 984 1958 praecepta
1001 1905 1042 1939 et
1065 1911 1233 1940 summa
1256 1896 1303 1941 in
1318 1902 1450 1958 Lege,

77 1967 303 2012 admonuit
325 1965 412 2010 duo
435 1981 521 2009 esse
549 1982 560 2008 ι
588 1985 608 2005 α
634 1963 795 2024 Diliges
827 1964 1061 2009 Dominum
1090 1965 1233 2010 Deum
1259 1976 1382 2013 tuum
1405 1986 1452 2014 ex

77 2059 97 2079 »
117 2048 206 2082 toto
234 2035 363 2081 corde
388 2045 464 2080 tuo
480 2071 491 2091 ,
520 2044 563 2078 et
583 2051 630 2079 ex
650 2044 741 2079 tota
767 2034 910 2079 anima
938 2044 1010 2079 tua
1028 2072 1039 2091 ,
1063 2045 1105 2078 et
1132 2052 1180 2080 ex
1203 2046 1293 2081 tota
1312 2049 1455 2084 mente

78 2130 98 2150 »
117 2119 213 2161 tua3
234 2117 276 2152 et
295 2105 442 2164 diliges
474 2104 721 2168 proximum
754 2114 880 2149 tuum
914 2114 1123 2167 tanquam
1143 2116 1182 2149 te
1214 2106 1360 2168 ipsum
1376 2109 1408 2155 3.
1430 2131 1453 2151 »

77 2178 155 2224 llle
174 2188 317 2223 autem
340 2194 350 2220 :
378 2176 435 2220 Et
457 2175 552 2238 quis
571 2185 634 2220 est
654 2174 766 2220 mihi
791 2175 1042 2238 proximus?
1066 2175 1121 2219 Et
1138 2177 1329 2222 narravit
1353 2179 1449 2224 Do-

80 2249 220 2294 minus
252 2265 262 2291 :
294 2268 313 2287 «
339 2245 482 2290 Homo
513 2244 693 2307 quidam
729 2243 1020 2290 descendebat
1053 2244 1110 2289 ab
1135 2245 1372 2293 Jerusalem
1406 2250 1452 2295 in

80 2340 100 2360 »
124 2316 300 2362 Jericho
317 2315 349 2361 4.
378 2336 399 2356 >³
433 2313 638 2359 Ostendit
669 2313 794 2359 illum
819 2313 1009 2377 quodam
1034 2314 1164 2360 modo
1187 2316 1445 2368 Israelitam.

34 2234 43 2475 l
81 2410 102 2430 «
126 2389 182 2433 Et
205 2385 361 2433 incidit
385 2385 431 2430 in
449 2384 650 2431 latrones.
677 2406 698 2426 »
728 2385 843 2430 Cum
863 2384 1162 2448 expoliassent,
1190 2397 1230 2430 et
1245 2386 1395 2450 plagas
1417 2392 1457 2437 ei

38 2477 45 2512 l
82 2474 227 2518 graves
256 2456 538 2514 irrogassent,
571 2454 826 2500 dimiserunt
860 2471 957 2499 eum
992 2454 1039 2499 in
1070 2454 1140 2501 via
1178 2456 1448 2509 semivivum.

40 2531 45 2582 i
83 2525 270 2572 Transiit
291 2524 511 2582 sacerdos,
539 2524 689 2588 utique
712 2542 862 2585 genere
885 2525 1106 2589 proximus
1120 2563 1132 2583 ‚
1155 2529 1367 2590 praeteriit
1379 2535 1453 2591 ja-

21 2587 46 2676 71
131 2628 142 2649 ¹
161 2628 232 2658 Act.
246 2636 325 2665 xvir,
343 2627 397 2658 28.
415 2642 460 2649 -
481 2623 496 2647 ²
510 2623 627 2667 Philip.
648 2635 694 2664 xv,
714 2625 746 2665 5,
762 2626 795 2658 6.
810 2641 856 2648 —
877 2621 892 2648 3
908 2626 985 2658 Luc.
1007 2634 1040 2663 x,
1060 2635 1115 2664 27,
1132 2626 1186 2660 2⁴3.
1203 2644 1250 2651 —
1269 2625 1283 2651 ⁴
1299 2628 1384 2662 Ibid.
1404 2632 1457 2670 30,

0 2682 30 2710 ’ξ
84 2684 115 2712 et
132 2690 221 2722 seqq.

215 2746 362 2778 cxxvt.
738 2725 741 2728 ⁴
1270 2732 1330 2776 30
