1866 3241
139 370 282 402 ser-iro
319 369 493 412 cxxx111,
531 367 587 402 DE
621 368 780 402 vssnms
813 367 975 402 szNG.
1018 369 1148 403 som.
1188 373 1249 405 VI.
1322 357 1402 416 141

0 495 1 499 Ἰ
41 436 208 493 dixerit,
226 435 314 482 hoc
324 434 456 481 hodie
472 434 738 498 suscepimus
755 433 968 482 admoniti
985 450 1034 481 ex
1049 435 1308 497 Evangelica
1324 438 1410 484 lec-

39 518 167 554 tione.

101 576 176 623 IV.
206 575 328 634 Quid
352 586 496 622 autem
511 576 690 622 'intersit
711 575 826 622 inter
847 574 938 622 falli
961 585 1004 621 et
1027 576 1225 634 mentiri,
1257 577 1409 625 brevi-

39 657 102 694 ter
125 646 239 693 dico.
278 645 459 692 Fallitur
492 647 569 710 qui
605 657 734 710 putat
754 663 905 692 verum
926 662 1013 691 esse
1046 646 1166 710 quod
1202 647 1336 705 dicit,
1368 659 1410 694 et

39 718 139 781 quia
159 734 312 764 verum
327 727 473 780 putat,
499 717 598 763 ideo
620 717 742 764 dicit.
774 717 872 763 Hoc
895 727 1039 762 autem
1059 717 1178 781 quod
1205 718 1314 764 dicit
1333 720 1409 783 qui

0 814 1 818 =
35 787 225 844 fallitur,
260 787 295 832 si
321 803 473 833 verum
502 798 634 844 esset,
673 804 767 833 non
798 787 1018 833 falleretur
1046 805 1057 832 ε
1098 788 1133 833 si
1157 805 1244 834 non
1268 788 1409 834 solum

37 875 186 905 verum
205 867 329 914 esset,
349 857 423 903 sed
441 858 572 903 etiam
588 875 740 905 verum
758 875 845 904 esse
866 858 1011 914 sciret,
1033 875 1121 903 non
1134 860 1402 907 mentiretur.

39 928 221 974 Fallitur
236 945 354 988 ergo,
372 928 475 991 quia
494 927 650 974 falsum
668 939 747 985 est,
778 939 820 974 et
846 945 998 975 verum
1015 939 1144 991 putat
1160 950 1170 984 ;
1200 929 1307 976 dicit
1326 948 1408 977 au-

36 1009 122 1044 tem
139 998 310 1044 nonnisi
327 998 430 1061 quia
444 1014 594 1044 verum
617 1009 759 1062 putat.
794 998 927 1044 Error
953 1008 1018 1044 est
1040 998 1086 1044 in
1118 999 1313 1046 humana
1334 1001 1408 1047 in-

36 1068 260 1125 firmitate,
295 1067 369 1114 sed
395 1084 484 1113 non
507 1078 570 1114 est
600 1068 647 1114 in
669 1068 947 1114 conscientiae
977 1069 1170 1117 sanitate.
1202 1071 1409 1135 Quisquis

35 1150 179 1185 autem
197 1138 353 1185 falsum
385 1148 514 1202 putat
541 1155 627 1184 esse
659 1149 701 1184 et
722 1155 803 1203 pro
822 1155 923 1186 vero
947 1140 1110 1197 asserit,
1131 1141 1223 1205 ipse
1244 1143 1407 1188 menti-

35 1220 118 1258 tur.
145 1209 314 1266 Videte,
355 1209 507 1256 fratres
535 1209 638 1267 mei,
671 1209 922 1270 distinguite
946 1211 1099 1256 nutriti
1116 1212 1160 1257 in
1186 1213 1404 1271 Ecclesia,

33 1280 191 1326 cruditi
209 1281 255 1326 in
284 1280 524 1343 Scripturis
551 1280 807 1337 Dominicis,
840 1298 929 1326 non
955 1280 1102 1338 rudes,
1126 1299 1214 1328 non
1236 1284 1405 1340 rustici,

33 1368 119 1398 non
141 1350 304 1397 idiotae.
344 1350 457 1396 Sunt
479 1350 594 1396 enim
626 1351 737 1396 inter
762 1368 838 1397 vos
864 1351 984 1396 docti
1007 1362 1048 1397 et
1074 1352 1234 1399 eruditi
1258 1354 1339 1400 viri
1366 1365 1409 1400 et

33 1422 383 1485 quibuscumque
408 1420 560 1466 litteris
579 1438 667 1467 non
692 1421 970 1467 mediocriter
988 1422 1190 1469 instructi
1219 1442 1230 1469 ε
1259 1435 1302 1470 et
1331 1426 1407 1489 qui

32 1490 124 1537 illas
140 1491 323 1548 litteras,
344 1507 443 1554 quae
459 1490 658 1536 liberales
684 1502 914 1548 vocantur,
939 1509 1026 1537 non
1048 1493 1277 1552 didicistis,
1305 1496 1406 1560 plus

33 1571 93 1606 est
113 1560 231 1624 quod
250 1561 297 1607 in
313 1577 504 1606 sermone
529 1561 609 1605 Dei
634 1561 788 1606 nutriti
807 1561 918 1608 estis.
955 1561 1000 1607 Si
1017 1561 1171 1609 laboro
1194 1564 1239 1609 in
1266 1565 1406 1628 expli-

33 1630 172 1676 cando
202 1630 321 1694 quod
349 1630 503 1686 sentio,
532 1630 735 1690 adjuvate
756 1647 825 1676 me
851 1641 893 1676 et
928 1633 1163 1679 attentione
1201 1634 1405 1681 audiendi

33 1710 74 1745 et
88 1699 323 1763 prudentia
345 1698 582 1760 cogitandi.
610 1700 700 1745 Nec
723 1699 1004 1760 adevabitis,
1024 1703 1105 1749 nisi
1118 1702 1397 1764 adjuvemini.

33 1769 156 1815 Unde
179 1769 366 1816 invicem
401 1787 482 1834 pro
516 1769 643 1815 nobis
670 1787 864 1827 oremus,
900 1781 943 1816 et
974 1789 1204 1818 commune
1228 1774 1405 1835 adjuto-

32 1839 144 1885 rium
168 1840 332 1904 pariter
365 1850 652 1904 expectemus.
684 1840 884 1897 Fallitur,
915 1842 991 1906 qui
1014 1861 1115 1889 cum
1149 1844 1204 1890 sit
1225 1845 1398 1903 falsum,

12 1890 180 1965 iverum
202 1920 331 1973 putat
356 1927 441 1956 esse
471 1910 592 1974 quod
621 1910 756 1965 dicit;
790 1913 999 1958 mentitur
1021 1925 1182 1972 autem,
1216 1917 1292 1979 qui
1316 1916 1403 1963 fal-

13 1972 125 2026 ''sum
145 1998 232 2026 esse
258 1981 425 2044 aliquid
449 1992 594 2045 putat,
619 1993 662 2027 et
691 2000 772 2046 pro
796 2000 897 2029 vero
922 1983 1055 2042 dicit,
1085 1986 1171 2032 sive
1189 1987 1300 2033 illud
1324 2006 1401 2035 ve-

31 2068 129 2097 rum
163 2052 234 2109 sit,
259 2052 346 2098 sive
382 2052 553 2100 falsum.
597 2054 832 2099 Intuemini
872 2055 979 2117 quid
1006 2055 1247 2104 addiderim
1267 2096 1278 2115 ,
1315 2060 1403 2106 sive

30 2120 140 2167 illud
159 2138 308 2168 verum
342 2122 419 2179 sit,
448 2123 535 2168 sive
566 2122 746 2180 falsum,
771 2134 916 2169 tamen
941 2126 1016 2188 qui
1038 2126 1192 2173 falsum
1213 2140 1340 2192 putat
1362 2142 1403 2176 et

0 2236 1 2241 ,
32 2208 179 2237 verum
214 2192 389 2249 asserit,
424 2193 633 2239 mentitur
657 2212 667 2239 :
693 2193 838 2239 fallere
861 2195 1044 2241 affectat.
1076 2196 1195 2253 Quid
1223 2200 1338 2245 enim
1365 2201 1403 2245 ei

0 2300 1 2303 ,
31 2260 222 2324 prodest,
248 2261 352 2324 quia
367 2278 518 2309 verum
539 2266 634 2309 est?
659 2263 839 2309 Interim
861 2264 952 2328 ipse
975 2265 1061 2311 hoc
1080 2265 1236 2313 falsum
1254 2281 1397 2332 putat,

0 2375 1 2381 ,
33 2341 74 2375 et
95 2331 201 2377 dicit
222 2342 433 2396 tanquam
458 2350 609 2380 verum
632 2334 700 2381 sit.
731 2334 893 2380 Verum
921 2345 983 2380 est
1005 2335 1051 2381 in
1084 2354 1126 2382 se
1144 2338 1255 2385 illud
1281 2341 1400 2404 quod

15 2399 156 2476 'dicia
182 2401 227 2446 in
249 2419 291 2447 se
314 2419 463 2449 verum
486 2414 576 2458 est3
611 2403 730 2468 apud
755 2404 878 2450 illum
903 2404 1058 2451 falsum
1083 2417 1173 2464 est,
1200 2427 1288 2456 non
1314 2411 1400 2457 hoc

31 2468 166 2515 habet
187 2473 448 2519 conscientia
482 2478 573 2534 ejus
604 2474 725 2538 quod
746 2474 963 2538 loquitur3
994 2475 1111 2522 aliud
1134 2479 1180 2523 in
1209 2497 1250 2525 se
1276 2482 1400 2541 cogi—

17 2549 95 2615 ,tat
117 2557 265 2587 verum
287 2559 372 2589 esse
386 2581 397 2600 ,
437 2543 556 2590 aliud
577 2544 691 2590 foras
715 2546 879 2608 profert
902 2563 983 2609 pro
1005 2547 1196 2596 veritate.
1228 2550 1398 2614 Duplex

18 2622 106 2656 icor
125 2621 204 2668 est,
228 2628 317 2658 non
339 2614 517 2680 simplex
534 2614 552 2646 1
572 2633 583 2663 ε
605 2633 693 2664 non
713 2615 834 2680 quod
858 2616 922 2664 ibi
947 2616 1082 2665 habet
1105 2618 1191 2667 hoc
1212 2621 1391 2685 profert.

18 2692 21 2720 !
80 2699 90 2723 ¹
109 2699 204 2734 Eccli.
222 2708 333 2744 11‚14.
