<?xml version="1.0" encoding="UTF-8"?>
<!DOCTYPE html PUBLIC "-//W3C//DTD XHTML 1.0 Transitional//EN"
    "http://www.w3.org/TR/xhtml1/DTD/xhtml1-transitional.dtd">
<html xmlns="http://www.w3.org/1999/xhtml" xml:lang="en" lang="en">
 <head>
  <title>
</title>
<meta http-equiv="Content-Type" content="text/html;charset=utf-8" />
  <meta name='ocr-system' content='tesseract 3.04.00' />
  <meta name='ocr-capabilities' content='ocr_page ocr_carea ocr_par ocr_line ocrx_word'/>
</head>
<body>
  <div class='ocr_page' id='page_1' title='image "./operaomniaaccura19auguuoft_0534.png"; bbox 0 0 1866 3241; ppageno 0'>
   <div class='ocr_carea' id='block_1_1' title="bbox 468 306 1445 362">
    <p class='ocr_par' dir='ltr' id='par_1_1' title="bbox 468 306 1445 362">
     <span class='ocr_line' id='line_1_1' title="bbox 468 306 1445 362; baseline -0.001 -9"><span class='ocrx_word' id='word_1_1' title='bbox 468 306 561 362; x_wconf 69' lang='lat'>524</span> <span class='ocrx_word' id='word_1_2' title='bbox 889 322 923 352; x_wconf 88' lang='lat' dir='ltr'>s.</span> <span class='ocrx_word' id='word_1_3' title='bbox 967 319 1208 352; x_wconf 80' lang='lat' dir='ltr'>AUGUSTINI</span> <span class='ocrx_word' id='word_1_4' title='bbox 1243 319 1445 352; x_wconf 74' lang='lat' dir='ltr'>Emscom</span> 
     </span>
    </p>
   </div>
   <div class='ocr_carea' id='block_1_2' title="bbox 462 387 1843 2623">
    <p class='ocr_par' dir='ltr' id='par_1_2' title="bbox 462 387 1839 1644">
     <span class='ocr_line' id='line_1_2' title="bbox 466 387 1835 451; baseline 0.004 -19"><span class='ocrx_word' id='word_1_5' title='bbox 466 387 580 434; x_wconf 84' lang='lat' dir='ltr'>riens</span> <span class='ocrx_word' id='word_1_6' title='bbox 621 387 754 434; x_wconf 87' lang='lat' dir='ltr'>micas</span> <span class='ocrx_word' id='word_1_7' title='bbox 794 387 1052 451; x_wconf 82' lang='lat' dir='ltr'><strong>accipiebat.</strong></span> <span class='ocrx_word' id='word_1_8' title='bbox 1103 388 1291 434; x_wconf 86' lang='lat' dir='ltr'>Tantum</span> <span class='ocrx_word' id='word_1_9' title='bbox 1335 389 1448 434; x_wconf 87' lang='lat' dir='ltr'>enim</span> <span class='ocrx_word' id='word_1_10' title='bbox 1487 388 1697 436; x_wconf 80' lang='lat' dir='ltr'>Dominus</span> <span class='ocrx_word' id='word_1_11' title='bbox 1730 401 1835 438; x_wconf 89' lang='lat' dir='ltr'>tunc</span> 
     </span>
     <span class='ocr_line' id='line_1_3' title="bbox 466 456 1835 536; baseline 0.004 -35"><span class='ocrx_word' id='word_1_12' title='bbox 466 457 625 514; x_wconf 86' lang='lat' dir='ltr'>dabat,</span> <span class='ocrx_word' id='word_1_13' title='bbox 661 468 873 536; x_wconf 80' lang='lat' dir='ltr'>quantum</span> <span class='ocrx_word' id='word_1_14' title='bbox 901 456 973 502; x_wconf 92' lang='lat' dir='ltr'>illa</span> <span class='ocrx_word' id='word_1_15' title='bbox 1009 457 1225 520; x_wconf 89' lang='lat' dir='ltr'>capiebat.</span> <span class='ocrx_word' id='word_1_16' title='bbox 1277 458 1438 503; x_wconf 89' lang='lat' dir='ltr'>Totum</span> <span class='ocrx_word' id='word_1_17' title='bbox 1480 470 1623 504; x_wconf 86' lang='lat' dir='ltr'>autem</span> <span class='ocrx_word' id='word_1_18' title='bbox 1664 470 1835 506; x_wconf 86' lang='lat' dir='ltr'>tantum</span> 
     </span>
     <span class='ocr_line' id='line_1_4' title="bbox 468 527 1835 593; baseline 0.003 -22"><span class='ocrx_word' id='word_1_19' title='bbox 468 539 679 590; x_wconf 85' lang='lat' dir='ltr'>quantum</span> <span class='ocrx_word' id='word_1_20' title='bbox 705 529 750 573; x_wconf 91' lang='lat' dir='ltr'>in</span> <span class='ocrx_word' id='word_1_21' title='bbox 771 528 843 574; x_wconf 89' lang='lat' dir='ltr'>illa</span> <span class='ocrx_word' id='word_1_22' title='bbox 875 545 949 573; x_wconf 84' lang='lat' dir='ltr'>sua</span> <span class='ocrx_word' id='word_1_23' title='bbox 974 527 1118 573; x_wconf 89' lang='lat' dir='ltr'>futura</span> <span class='ocrx_word' id='word_1_24' title='bbox 1145 545 1290 573; x_wconf 88' lang='lat' dir='ltr'>mensa</span> <span class='ocrx_word' id='word_1_25' title='bbox 1325 528 1504 574; x_wconf 87' lang='lat' dir='ltr'>daturus</span> <span class='ocrx_word' id='word_1_26' title='bbox 1530 539 1619 585; x_wconf 88' lang='lat' dir='ltr'>est,</span> <span class='ocrx_word' id='word_1_27' title='bbox 1646 546 1725 575; x_wconf 89' lang='lat' dir='ltr'>nec</span> <span class='ocrx_word' id='word_1_28' title='bbox 1749 530 1835 593; x_wconf 88' lang='lat' dir='ltr'>ipsi</span> 
     </span>
     <span class='ocr_line' id='line_1_5' title="bbox 466 597 1836 663; baseline 0.002 -21"><span class='ocrx_word' id='word_1_29' title='bbox 466 598 696 662; x_wconf 81' lang='lat' dir='ltr'>Discipuli,</span> <span class='ocrx_word' id='word_1_30' title='bbox 716 616 768 643; x_wconf 89' lang='lat' dir='ltr'>ne</span> <span class='ocrx_word' id='word_1_31' title='bbox 791 598 874 662; x_wconf 87' lang='lat' dir='ltr'>ipsi</span> <span class='ocrx_word' id='word_1_32' title='bbox 896 597 1091 660; x_wconf 82' lang='lat' dir='ltr'>Apostoli</span> <span class='ocrx_word' id='word_1_33' title='bbox 1112 615 1264 661; x_wconf 82' lang='lat' dir='ltr'>capere</span> <span class='ocrx_word' id='word_1_34' title='bbox 1290 609 1392 643; x_wconf 83' lang='lat' dir='ltr'>tunc</span> <span class='ocrx_word' id='word_1_35' title='bbox 1411 609 1627 662; x_wconf 81' lang='lat' dir='ltr'>poteiant,</span> <span class='ocrx_word' id='word_1_36' title='bbox 1660 598 1836 663; x_wconf 87' lang='lat' dir='ltr'>quando</span> 
     </span>
     <span class='ocr_line' id='line_1_6' title="bbox 463 666 1837 725; baseline 0.001 -12"><span class='ocrx_word' id='word_1_37' title='bbox 463 666 546 713; x_wconf 91' lang='lat' dir='ltr'>illis</span> <span class='ocrx_word' id='word_1_38' title='bbox 571 668 776 713; x_wconf 86' lang='lat' dir='ltr'>dicebat:</span> <span class='ocrx_word' id='word_1_39' title='bbox 799 689 819 709; x_wconf 84' lang='lat'>«</span> <span class='ocrx_word' id='word_1_40' title='bbox 839 667 997 713; x_wconf 86' lang='lat' dir='ltr'>Adhuc</span> <span class='ocrx_word' id='word_1_41' title='bbox 1015 667 1296 714; x_wconf 86' lang='lat' dir='ltr'>habeovobis</span> <span class='ocrx_word' id='word_1_42' title='bbox 1316 667 1453 713; x_wconf 91' lang='lat' dir='ltr'>multa</span> <span class='ocrx_word' id='word_1_43' title='bbox 1476 668 1635 725; x_wconf 81' lang='lat' dir='ltr'>dicere,</span> <span class='ocrx_word' id='word_1_44' title='bbox 1659 669 1729 715; x_wconf 82' lang='lat' dir='ltr'>sed</span> <span class='ocrx_word' id='word_1_45' title='bbox 1752 687 1837 715; x_wconf 88' lang='lat' dir='ltr'>non</span> 
     </span>
     <span class='ocr_line' id='line_1_7' title="bbox 465 736 1833 802; baseline 0.001 -19"><span class='ocrx_word' id='word_1_46' title='bbox 465 758 486 779; x_wconf 69' lang='lat'>&gt;³</span> <span class='ocrx_word' id='word_1_47' title='bbox 507 739 682 802; x_wconf 85' lang='lat' dir='ltr'>potestis</span> <span class='ocrx_word' id='word_1_48' title='bbox 697 738 768 784; x_wconf 82' lang='lat' dir='ltr'>illa</span> <span class='ocrx_word' id='word_1_49' title='bbox 794 737 941 782; x_wconf 88' lang='lat' dir='ltr'>audire</span> <span class='ocrx_word' id='word_1_50' title='bbox 964 736 1136 784; x_wconf 73' lang='lat' dir='ltr'>modo1.</span> <span class='ocrx_word' id='word_1_51' title='bbox 1158 758 1179 779; x_wconf 77' lang='lat'>»</span> <span class='ocrx_word' id='word_1_52' title='bbox 1204 737 1325 783; x_wconf 86' lang='lat' dir='ltr'>Unde</span> <span class='ocrx_word' id='word_1_53' title='bbox 1350 755 1449 798; x_wconf 80' lang='lat' dir='ltr'>ergo</span> <span class='ocrx_word' id='word_1_54' title='bbox 1471 739 1629 795; x_wconf 84' lang='lat' dir='ltr'>Maria,</span> <span class='ocrx_word' id='word_1_55' title='bbox 1658 750 1705 784; x_wconf 91' lang='lat' dir='ltr'>ut</span> <span class='ocrx_word' id='word_1_56' title='bbox 1729 739 1833 795; x_wconf 91' lang='lat' dir='ltr'>dixi,</span> 
     </span>
     <span class='ocr_line' id='line_1_8' title="bbox 464 807 1836 871; baseline 0 -17"><span class='ocrx_word' id='word_1_57' title='bbox 464 808 789 854; x_wconf 61' lang='lat' dir='ltr'>delectabatur?</span> <span class='ocrx_word' id='word_1_58' title='bbox 815 807 934 863; x_wconf 83' lang='lat' dir='ltr'>Quid</span> <span class='ocrx_word' id='word_1_59' title='bbox 959 807 1271 863; x_wconf 81' lang='lat' dir='ltr'>manducabat,</span> <span class='ocrx_word' id='word_1_60' title='bbox 1301 808 1407 871; x_wconf 87' lang='lat' dir='ltr'>quid</span> <span class='ocrx_word' id='word_1_61' title='bbox 1434 808 1619 854; x_wconf 80' lang='lat' dir='ltr'>bibebat</span> <span class='ocrx_word' id='word_1_62' title='bbox 1639 809 1836 854; x_wconf 82' lang='lat' dir='ltr'>avidissi—</span> 
     </span>
     <span class='ocr_line' id='line_1_9' title="bbox 468 878 1836 934; baseline 0.001 -11"><span class='ocrx_word' id='word_1_63' title='bbox 468 879 545 925; x_wconf 85' lang='lat' dir='ltr'>mis</span> <span class='ocrx_word' id='word_1_64' title='bbox 567 879 709 925; x_wconf 88' lang='lat' dir='ltr'>cordis</span> <span class='ocrx_word' id='word_1_65' title='bbox 741 878 972 924; x_wconf 59' lang='lat' dir='ltr'>faucibus?</span> <span class='ocrx_word' id='word_1_66' title='bbox 1003 879 1027 922; x_wconf 85' lang='lat' dir='ltr'>J</span> <span class='ocrx_word' id='word_1_67' title='bbox 1034 878 1240 934; x_wconf 84' lang='lat' dir='ltr'>ustitiam,</span> <span class='ocrx_word' id='word_1_68' title='bbox 1267 879 1505 925; x_wconf 87' lang='lat' dir='ltr'>veritatem.</span> <span class='ocrx_word' id='word_1_69' title='bbox 1542 879 1731 924; x_wconf 76' lang='lat' dir='ltr'>Veritate</span> <span class='ocrx_word' id='word_1_70' title='bbox 1757 879 1836 924; x_wconf 89' lang='lat' dir='ltr'>de-</span> 
     </span>
     <span class='ocr_line' id='line_1_10' title="bbox 462 947 1837 1007; baseline 0 -13"><span class='ocrx_word' id='word_1_71' title='bbox 462 947 722 1007; x_wconf 84' lang='lat' dir='ltr'>lectabatur,</span> <span class='ocrx_word' id='word_1_72' title='bbox 744 950 967 996; x_wconf 84' lang='lat' dir='ltr'>veritatem</span> <span class='ocrx_word' id='word_1_73' title='bbox 992 948 1197 995; x_wconf 80' lang='lat' dir='ltr'>audiebat</span> <span class='ocrx_word' id='word_1_74' title='bbox 1225 966 1235 993; x_wconf 73' lang='grc' dir='ltr'>ε</span> <span class='ocrx_word' id='word_1_75' title='bbox 1262 948 1432 995; x_wconf 84' lang='lat' dir='ltr'>veritati</span> <span class='ocrx_word' id='word_1_76' title='bbox 1452 949 1684 994; x_wconf 86' lang='lat' dir='ltr'>inhiabat:</span> <span class='ocrx_word' id='word_1_77' title='bbox 1710 949 1837 994; x_wconf 90' lang='lat' dir='ltr'>Veri—</span> 
     </span>
     <span class='ocr_line' id='line_1_11' title="bbox 464 1018 1838 1083; baseline 0 -19"><span class='ocrx_word' id='word_1_78' title='bbox 464 1020 542 1065; x_wconf 89' lang='lat' dir='ltr'>tati</span> <span class='ocrx_word' id='word_1_79' title='bbox 563 1020 822 1083; x_wconf 82' lang='lat' dir='ltr'>suspirabat.</span> <span class='ocrx_word' id='word_1_80' title='bbox 856 1019 1090 1065; x_wconf 84' lang='lat' dir='ltr'>Veritatem</span> <span class='ocrx_word' id='word_1_81' title='bbox 1124 1019 1310 1064; x_wconf 88' lang='lat' dir='ltr'>esuriens</span> <span class='ocrx_word' id='word_1_82' title='bbox 1339 1018 1664 1082; x_wconf 85' lang='lat' dir='ltr'>manducabat,</span> <span class='ocrx_word' id='word_1_83' title='bbox 1694 1019 1838 1064; x_wconf 86' lang='lat' dir='ltr'>sitiens</span> 
     </span>
     <span class='ocr_line' id='line_1_12' title="bbox 463 1088 1839 1153; baseline -0.001 -18"><span class='ocrx_word' id='word_1_84' title='bbox 463 1088 645 1135; x_wconf 88' lang='lat' dir='ltr'>bibebat</span> <span class='ocrx_word' id='word_1_85' title='bbox 672 1107 682 1135; x_wconf 76' lang='lat' dir='ltr'><strong><em>z</em></strong></span> <span class='ocrx_word' id='word_1_86' title='bbox 713 1100 755 1134; x_wconf 89' lang='lat' dir='ltr'>et</span> <span class='ocrx_word' id='word_1_87' title='bbox 789 1090 882 1153; x_wconf 85' lang='lat' dir='ltr'>ipsa</span> <span class='ocrx_word' id='word_1_88' title='bbox 911 1089 1212 1145; x_wconf 85' lang='lat' dir='ltr'>reficiebatur,</span> <span class='ocrx_word' id='word_1_89' title='bbox 1243 1099 1284 1134; x_wconf 88' lang='lat' dir='ltr'>et</span> <span class='ocrx_word' id='word_1_90' title='bbox 1315 1088 1430 1134; x_wconf 89' lang='lat' dir='ltr'>unde</span> <span class='ocrx_word' id='word_1_91' title='bbox 1461 1089 1724 1152; x_wconf 84' lang='lat' dir='ltr'>pascebatur</span> <span class='ocrx_word' id='word_1_92' title='bbox 1750 1106 1839 1134; x_wconf 90' lang='lat' dir='ltr'>non</span> 
     </span>
     <span class='ocr_line' id='line_1_13' title="bbox 466 1157 1838 1222; baseline 0 -18"><span class='ocrx_word' id='word_1_93' title='bbox 466 1159 758 1207; x_wconf 84' lang='lat' dir='ltr'>minuebatur.</span> <span class='ocrx_word' id='word_1_94' title='bbox 791 1159 916 1205; x_wconf 83' lang='lat' dir='ltr'>Unde</span> <span class='ocrx_word' id='word_1_95' title='bbox 949 1159 1084 1204; x_wconf 89' lang='lat' dir='ltr'>Maria</span> <span class='ocrx_word' id='word_1_96' title='bbox 1109 1159 1439 1204; x_wconf 66' lang='lat' dir='ltr'>delectabatur?</span> <span class='ocrx_word' id='word_1_97' title='bbox 1467 1157 1573 1222; x_wconf 90' lang='lat' dir='ltr'>quid</span> <span class='ocrx_word' id='word_1_98' title='bbox 1594 1159 1838 1204; x_wconf 88' lang='lat' dir='ltr'>manduca—</span> 
     </span>
     <span class='ocr_line' id='line_1_14' title="bbox 467 1228 1839 1293; baseline -0.001 -18"><span class='ocrx_word' id='word_1_99' title='bbox 467 1229 576 1275; x_wconf 66' lang='lat' dir='ltr'>bat.D</span> <span class='ocrx_word' id='word_1_100' title='bbox 615 1230 852 1285; x_wconf 84' lang='lat' dir='ltr'>Immoror,</span> <span class='ocrx_word' id='word_1_101' title='bbox 898 1229 999 1293; x_wconf 87' lang='lat' dir='ltr'>quia</span> <span class='ocrx_word' id='word_1_102' title='bbox 1035 1229 1239 1275; x_wconf 82' lang='lat' dir='ltr'>delector.</span> <span class='ocrx_word' id='word_1_103' title='bbox 1293 1228 1443 1274; x_wconf 85' lang='lat' dir='ltr'>Audeo</span> <span class='ocrx_word' id='word_1_104' title='bbox 1490 1228 1652 1286; x_wconf 81' lang='lat' dir='ltr'>dicere,</span> <span class='ocrx_word' id='word_1_105' title='bbox 1694 1229 1839 1292; x_wconf 88' lang='lat' dir='ltr'>ipsum</span> 
     </span>
     <span class='ocr_line' id='line_1_15' title="bbox 465 1298 1838 1363; baseline 0 -19"><span class='ocrx_word' id='word_1_106' title='bbox 465 1300 762 1346; x_wconf 88' lang='lat' dir='ltr'>manducabat</span> <span class='ocrx_word' id='word_1_107' title='bbox 785 1316 915 1363; x_wconf 85' lang='lat' dir='ltr'>quem</span> <span class='ocrx_word' id='word_1_108' title='bbox 945 1299 1165 1345; x_wconf 84' lang='lat' dir='ltr'>audiebat.</span> <span class='ocrx_word' id='word_1_109' title='bbox 1191 1298 1237 1343; x_wconf 80' lang='lat' dir='ltr'>Si</span> <span class='ocrx_word' id='word_1_110' title='bbox 1265 1298 1380 1343; x_wconf 88' lang='lat' dir='ltr'>enim</span> <span class='ocrx_word' id='word_1_111' title='bbox 1397 1298 1623 1344; x_wconf 86' lang='lat' dir='ltr'>veritatem</span> <span class='ocrx_word' id='word_1_112' title='bbox 1650 1298 1838 1344; x_wconf 86' lang='lat' dir='ltr'>mandu-</span> 
     </span>
     <span class='ocr_line' id='line_1_16' title="bbox 466 1367 1839 1433; baseline -0.001 -18"><span class='ocrx_word' id='word_1_113' title='bbox 466 1371 618 1427; x_wconf 88' lang='lat' dir='ltr'>cabat,</span> <span class='ocrx_word' id='word_1_114' title='bbox 642 1388 782 1416; x_wconf 88' lang='lat' dir='ltr'>nonne</span> <span class='ocrx_word' id='word_1_115' title='bbox 804 1371 814 1415; x_wconf 93' lang='lat' dir='ltr'>i</span> <span class='ocrx_word' id='word_1_116' title='bbox 820 1388 894 1433; x_wconf 87' lang='lat' dir='ltr'>pse</span> <span class='ocrx_word' id='word_1_117' title='bbox 914 1369 1021 1415; x_wconf 83' lang='lat' dir='ltr'>dixit</span> <span class='ocrx_word' id='word_1_118' title='bbox 1048 1387 1058 1414; x_wconf 74' lang='grc' dir='ltr'>ε</span> <span class='ocrx_word' id='word_1_119' title='bbox 1093 1390 1114 1411; x_wconf 77' lang='grc' dir='ltr'>α</span> <span class='ocrx_word' id='word_1_120' title='bbox 1133 1370 1221 1428; x_wconf 80' lang='lat' dir='ltr'>Ego</span> <span class='ocrx_word' id='word_1_121' title='bbox 1240 1386 1333 1414; x_wconf 87' lang='lat' dir='ltr'>sum</span> <span class='ocrx_word' id='word_1_122' title='bbox 1357 1369 1513 1415; x_wconf 80' lang='lat' dir='ltr'>veritas</span> <span class='ocrx_word' id='word_1_123' title='bbox 1528 1369 1545 1397; x_wconf 82' lang='lat'>2</span> <span class='ocrx_word' id='word_1_124' title='bbox 1564 1367 1581 1414; x_wconf 74' lang='grc' dir='ltr'>Ρ</span> <span class='ocrx_word' id='word_1_125' title='bbox 1599 1389 1620 1410; x_wconf 87' lang='grc'>»</span> <span class='ocrx_word' id='word_1_126' title='bbox 1650 1370 1705 1413; x_wconf 84' lang='lat' dir='ltr'>Et</span> <span class='ocrx_word' id='word_1_127' title='bbox 1731 1368 1839 1432; x_wconf 83' lang='lat' dir='ltr'>quid</span> 
     </span>
     <span class='ocr_line' id='line_1_17' title="bbox 467 1439 1839 1505; baseline -0.001 -20"><span class='ocrx_word' id='word_1_128' title='bbox 467 1440 653 1505; x_wconf 89' lang='lat' dir='ltr'>amplius</span> <span class='ocrx_word' id='word_1_129' title='bbox 679 1441 853 1486; x_wconf 68' lang='lat' dir='ltr'>dicam?</span> <span class='ocrx_word' id='word_1_130' title='bbox 876 1439 1243 1495; x_wconf 81' lang='lat' dir='ltr'>Manducabatur,</span> <span class='ocrx_word' id='word_1_131' title='bbox 1275 1439 1377 1502; x_wconf 91' lang='lat' dir='ltr'>quia</span> <span class='ocrx_word' id='word_1_132' title='bbox 1403 1439 1529 1502; x_wconf 87' lang='lat' dir='ltr'>panis</span> <span class='ocrx_word' id='word_1_133' title='bbox 1553 1449 1643 1485; x_wconf 89' lang='lat' dir='ltr'>erat</span> <span class='ocrx_word' id='word_1_134' title='bbox 1669 1456 1679 1483; x_wconf 73' lang='grc' dir='ltr'>ε</span> <span class='ocrx_word' id='word_1_135' title='bbox 1707 1460 1727 1480; x_wconf 72' lang='lat' dir='ltr'>c&lt;</span> <span class='ocrx_word' id='word_1_136' title='bbox 1749 1440 1839 1499; x_wconf 82' lang='lat' dir='ltr'>Ego</span> 
     </span>
     <span class='ocr_line' id='line_1_18' title="bbox 467 1509 1839 1575; baseline 0.001 -22"><span class='ocrx_word' id='word_1_137' title='bbox 467 1531 488 1553; x_wconf 86' lang='lat'>›&gt;</span> <span class='ocrx_word' id='word_1_138' title='bbox 506 1528 617 1567; x_wconf 78' lang='lat' dir='ltr'>sum,</span> <span class='ocrx_word' id='word_1_139' title='bbox 645 1511 809 1575; x_wconf 88' lang='lat' dir='ltr'>inquit,</span> <span class='ocrx_word' id='word_1_140' title='bbox 836 1511 960 1574; x_wconf 86' lang='lat' dir='ltr'>panis</span> <span class='ocrx_word' id='word_1_141' title='bbox 981 1511 1056 1574; x_wconf 86' lang='lat' dir='ltr'>qui</span> <span class='ocrx_word' id='word_1_142' title='bbox 1081 1510 1134 1556; x_wconf 89' lang='lat' dir='ltr'>de</span> <span class='ocrx_word' id='word_1_143' title='bbox 1153 1509 1266 1555; x_wconf 87' lang='lat' dir='ltr'>coelo</span> <span class='ocrx_word' id='word_1_144' title='bbox 1286 1509 1533 1556; x_wconf 44' lang='lat' dir='ltr'>descendi&amp;</span> <span class='ocrx_word' id='word_1_145' title='bbox 1558 1531 1577 1551; x_wconf 84' lang='lat'>))</span> <span class='ocrx_word' id='word_1_146' title='bbox 1608 1510 1692 1555; x_wconf 90' lang='lat' dir='ltr'>Iste</span> <span class='ocrx_word' id='word_1_147' title='bbox 1715 1510 1839 1573; x_wconf 88' lang='lat' dir='ltr'>panis</span> 
     </span>
     <span class='ocr_line' id='line_1_19' title="bbox 464 1580 1089 1644; baseline 0.002 -18"><span class='ocrx_word' id='word_1_148' title='bbox 464 1591 527 1626; x_wconf 87' lang='lat' dir='ltr'>est</span> <span class='ocrx_word' id='word_1_149' title='bbox 544 1581 619 1644; x_wconf 90' lang='lat' dir='ltr'>qui</span> <span class='ocrx_word' id='word_1_150' title='bbox 636 1581 793 1633; x_wconf 81' lang='lat' dir='ltr'>reficit,</span> <span class='ocrx_word' id='word_1_151' title='bbox 821 1597 900 1626; x_wconf 81' lang='lat' dir='ltr'>nec</span> <span class='ocrx_word' id='word_1_152' title='bbox 926 1580 1089 1627; x_wconf 86' lang='lat' dir='ltr'>deficit.</span> 
     </span>
    </p>

    <p class='ocr_par' dir='ltr' id='par_1_3' title="bbox 465 1647 1843 2623">
     <span class='ocr_line' id='line_1_20' title="bbox 527 1647 1842 1711; baseline -0.002 -15"><span class='ocrx_word' id='word_1_153' title='bbox 527 1650 602 1696; x_wconf 85' lang='lat' dir='ltr'>VI.</span> <span class='ocrx_word' id='word_1_154' title='bbox 646 1649 847 1695; x_wconf 90' lang='lat' dir='ltr'>Intendat</span> <span class='ocrx_word' id='word_1_155' title='bbox 877 1649 1023 1711; x_wconf 82' lang='lat' dir='ltr'>itaque</span> <span class='ocrx_word' id='word_1_156' title='bbox 1060 1648 1264 1693; x_wconf 81' lang='lat' dir='ltr'>Charitas</span> <span class='ocrx_word' id='word_1_157' title='bbox 1293 1648 1456 1693; x_wconf 83' lang='lat' dir='ltr'>Vestra.</span> <span class='ocrx_word' id='word_1_158' title='bbox 1500 1648 1612 1692; x_wconf 88' lang='lat' dir='ltr'>Ecce</span> <span class='ocrx_word' id='word_1_159' title='bbox 1654 1647 1842 1694; x_wconf 88' lang='lat' dir='ltr'>dicimus</span> 
     </span>
     <span class='ocr_line' id='line_1_21' title="bbox 468 1717 1837 1780; baseline -0.002 -15"><span class='ocrx_word' id='word_1_160' title='bbox 468 1720 710 1765; x_wconf 88' lang='lat' dir='ltr'>ministrare</span> <span class='ocrx_word' id='word_1_161' title='bbox 747 1719 927 1774; x_wconf 87' lang='lat' dir='ltr'>sanctis,</span> <span class='ocrx_word' id='word_1_162' title='bbox 966 1718 1115 1763; x_wconf 82' lang='lat' dir='ltr'>cibum</span> <span class='ocrx_word' id='word_1_163' title='bbox 1154 1734 1331 1780; x_wconf 80' lang='lat' dir='ltr'>parare,</span> <span class='ocrx_word' id='word_1_164' title='bbox 1383 1726 1536 1780; x_wconf 85' lang='lat' dir='ltr'>potum</span> <span class='ocrx_word' id='word_1_165' title='bbox 1567 1717 1837 1773; x_wconf 87' lang='lat' dir='ltr'>ministrare,</span> 
     </span>
     <span class='ocr_line' id='line_1_22' title="bbox 465 1787 1841 1853; baseline -0.001 -18"><span class='ocrx_word' id='word_1_166' title='bbox 465 1807 654 1835; x_wconf 87' lang='lat' dir='ltr'>mensam</span> <span class='ocrx_word' id='word_1_167' title='bbox 678 1806 855 1853; x_wconf 81' lang='lat' dir='ltr'>ponere,</span> <span class='ocrx_word' id='word_1_168' title='bbox 876 1788 1006 1851; x_wconf 86' lang='lat' dir='ltr'>pedes</span> <span class='ocrx_word' id='word_1_169' title='bbox 1027 1787 1188 1844; x_wconf 88' lang='lat' dir='ltr'>lavare,</span> <span class='ocrx_word' id='word_1_170' title='bbox 1213 1787 1375 1833; x_wconf 87' lang='lat' dir='ltr'>lectum</span> <span class='ocrx_word' id='word_1_171' title='bbox 1393 1797 1594 1844; x_wconf 84' lang='lat' dir='ltr'>sternere,</span> <span class='ocrx_word' id='word_1_172' title='bbox 1621 1798 1734 1834; x_wconf 88' lang='lat' dir='ltr'>tecto</span> <span class='ocrx_word' id='word_1_173' title='bbox 1753 1805 1841 1834; x_wconf 90' lang='lat' dir='ltr'>sus·</span> 
     </span>
     <span class='ocr_line' id='line_1_23' title="bbox 466 1857 1842 1924; baseline -0.001 -17"><span class='ocrx_word' id='word_1_174' title='bbox 466 1861 630 1924; x_wconf 86' lang='lat' dir='ltr'>cipere;</span> <span class='ocrx_word' id='word_1_175' title='bbox 654 1877 796 1906; x_wconf 87' lang='lat' dir='ltr'>nonne</span> <span class='ocrx_word' id='word_1_176' title='bbox 813 1876 938 1904; x_wconf 87' lang='lat' dir='ltr'>omne</span> <span class='ocrx_word' id='word_1_177' title='bbox 961 1858 1046 1904; x_wconf 84' lang='lat' dir='ltr'>hoc</span> <span class='ocrx_word' id='word_1_178' title='bbox 1066 1859 1348 1904; x_wconf 87' lang='lat' dir='ltr'>transiturum</span> <span class='ocrx_word' id='word_1_179' title='bbox 1361 1860 1452 1903; x_wconf 71' lang='lat' dir='ltr'>est?</span> <span class='ocrx_word' id='word_1_180' title='bbox 1474 1857 1584 1914; x_wconf 88' lang='lat' dir='ltr'>Quis</span> <span class='ocrx_word' id='word_1_181' title='bbox 1603 1869 1745 1905; x_wconf 89' lang='lat' dir='ltr'>autem</span> <span class='ocrx_word' id='word_1_182' title='bbox 1768 1878 1842 1906; x_wconf 88' lang='lat' dir='ltr'>au·</span> 
     </span>
     <span class='ocr_line' id='line_1_24' title="bbox 469 1928 1841 1992; baseline -0.001 -16"><span class='ocrx_word' id='word_1_183' title='bbox 469 1931 542 1976; x_wconf 89' lang='lat' dir='ltr'>det</span> <span class='ocrx_word' id='word_1_184' title='bbox 570 1930 728 1986; x_wconf 84' lang='lat' dir='ltr'>dicere,</span> <span class='ocrx_word' id='word_1_185' title='bbox 774 1929 903 1974; x_wconf 88' lang='lat' dir='ltr'>modo</span> <span class='ocrx_word' id='word_1_186' title='bbox 929 1945 1004 1973; x_wconf 89' lang='lat' dir='ltr'>nos</span> <span class='ocrx_word' id='word_1_187' title='bbox 1040 1928 1160 1992; x_wconf 86' lang='lat' dir='ltr'>pasci</span> <span class='ocrx_word' id='word_1_188' title='bbox 1185 1928 1382 1983; x_wconf 84' lang='lat' dir='ltr'>veritate,</span> <span class='ocrx_word' id='word_1_189' title='bbox 1421 1929 1509 1972; x_wconf 80' lang='lat' dir='ltr'>nen</span> <span class='ocrx_word' id='word_1_190' title='bbox 1543 1929 1664 1991; x_wconf 86' lang='lat' dir='ltr'>pasci</span> <span class='ocrx_word' id='word_1_191' title='bbox 1698 1940 1841 1975; x_wconf 89' lang='lat' dir='ltr'>autem</span> 
     </span>
     <span class='ocr_line' id='line_1_25' title="bbox 465 1997 1843 2062; baseline -0.002 -15"><span class='ocrx_word' id='word_1_192' title='bbox 465 2018 565 2047; x_wconf 88' lang='lat' dir='ltr'>cum</span> <span class='ocrx_word' id='word_1_193' title='bbox 594 2000 834 2047; x_wconf 83' lang='lat' dir='ltr'>venerimus</span> <span class='ocrx_word' id='word_1_194' title='bbox 869 2000 922 2045; x_wconf 88' lang='lat' dir='ltr'>ad</span> <span class='ocrx_word' id='word_1_195' title='bbox 944 1999 1342 2044; x_wconf 73' lang='lat' dir='ltr'>immortalitatem?</span> <span class='ocrx_word' id='word_1_196' title='bbox 1377 1997 1530 2043; x_wconf 84' lang='lat' dir='ltr'>Nonne</span> <span class='ocrx_word' id='word_1_197' title='bbox 1559 1998 1592 2043; x_wconf 89' lang='lat' dir='ltr'>si</span> <span class='ocrx_word' id='word_1_198' title='bbox 1621 1999 1843 2062; x_wconf 85' lang='lat' dir='ltr'>pascimur</span> 
     </span>
     <span class='ocr_line' id='line_1_26' title="bbox 467 2069 1841 2133; baseline -0.001 -16"><span class='ocrx_word' id='word_1_199' title='bbox 467 2071 598 2117; x_wconf 86' lang='lat' dir='ltr'>modo</span> <span class='ocrx_word' id='word_1_200' title='bbox 616 2071 763 2127; x_wconf 86' lang='lat' dir='ltr'>micis,</span> <span class='ocrx_word' id='word_1_201' title='bbox 790 2081 894 2115; x_wconf 86' lang='lat' dir='ltr'>tunc</span> <span class='ocrx_word' id='word_1_202' title='bbox 917 2069 1089 2133; x_wconf 85' lang='lat' dir='ltr'>plenam</span> <span class='ocrx_word' id='word_1_203' title='bbox 1111 2069 1377 2114; x_wconf 83' lang='lat' dir='ltr'>habebimus</span> <span class='ocrx_word' id='word_1_204' title='bbox 1399 2084 1590 2113; x_wconf 88' lang='lat' dir='ltr'>mensam</span> <span class='ocrx_word' id='word_1_205' title='bbox 1609 2071 1626 2113; x_wconf 74' lang='grc' dir='ltr'>Ξ)</span> <span class='ocrx_word' id='word_1_206' title='bbox 1654 2070 1718 2113; x_wconf 90' lang='lat' dir='ltr'>De</span> <span class='ocrx_word' id='word_1_207' title='bbox 1747 2069 1841 2132; x_wconf 89' lang='lat' dir='ltr'>ipso</span> 
     </span>
     <span class='ocr_line' id='line_1_27' title="bbox 467 2136 1840 2203; baseline -0.002 -17"><span class='ocrx_word' id='word_1_208' title='bbox 467 2141 581 2186; x_wconf 88' lang='lat' dir='ltr'>enim</span> <span class='ocrx_word' id='word_1_209' title='bbox 599 2141 699 2186; x_wconf 92' lang='lat' dir='ltr'>cibo</span> <span class='ocrx_word' id='word_1_210' title='bbox 722 2140 903 2203; x_wconf 88' lang='lat' dir='ltr'>spiritali</span> <span class='ocrx_word' id='word_1_211' title='bbox 924 2139 1134 2184; x_wconf 90' lang='lat' dir='ltr'>Dominus</span> <span class='ocrx_word' id='word_1_212' title='bbox 1151 2138 1343 2194; x_wconf 86' lang='lat' dir='ltr'>dicebat,</span> <span class='ocrx_word' id='word_1_213' title='bbox 1373 2136 1550 2200; x_wconf 87' lang='lat' dir='ltr'>quando</span> <span class='ocrx_word' id='word_1_214' title='bbox 1579 2137 1774 2184; x_wconf 85' lang='lat' dir='ltr'>laudavit</span> <span class='ocrx_word' id='word_1_215' title='bbox 1792 2140 1840 2183; x_wconf 85' lang='lat' dir='ltr'>fi-</span> 
     </span>
     <span class='ocr_line' id='line_1_28' title="bbox 468 2206 1842 2265; baseline -0.003 -8"><span class='ocrx_word' id='word_1_216' title='bbox 468 2211 567 2257; x_wconf 87' lang='lat' dir='ltr'>dem</span> <span class='ocrx_word' id='word_1_217' title='bbox 593 2210 864 2256; x_wconf 76' lang='lat' dir='ltr'>centurionis</span> <span class='ocrx_word' id='word_1_218' title='bbox 882 2247 892 2265; x_wconf 86' lang='lat'>,</span> <span class='ocrx_word' id='word_1_219' title='bbox 922 2220 964 2253; x_wconf 93' lang='lat' dir='ltr'>et</span> <span class='ocrx_word' id='word_1_220' title='bbox 991 2208 1097 2254; x_wconf 88' lang='lat' dir='ltr'>dixit</span> <span class='ocrx_word' id='word_1_221' title='bbox 1124 2226 1133 2253; x_wconf 92' lang='lat'><strong>:</strong></span> <span class='ocrx_word' id='word_1_222' title='bbox 1163 2228 1183 2248; x_wconf 86' lang='lat'>«</span> <span class='ocrx_word' id='word_1_223' title='bbox 1202 2209 1338 2253; x_wconf 90' lang='lat' dir='ltr'>Amen</span> <span class='ocrx_word' id='word_1_224' title='bbox 1367 2206 1468 2251; x_wconf 89' lang='lat' dir='ltr'>dico</span> <span class='ocrx_word' id='word_1_225' title='bbox 1495 2206 1636 2263; x_wconf 85' lang='lat' dir='ltr'>vobis,</span> <span class='ocrx_word' id='word_1_226' title='bbox 1663 2224 1749 2252; x_wconf 85' lang='lat' dir='ltr'>non</span> <span class='ocrx_word' id='word_1_227' title='bbox 1768 2208 1842 2253; x_wconf 84' lang='lat' dir='ltr'>in-</span> 
     </span>
     <span class='ocr_line' id='line_1_29' title="bbox 467 2276 1841 2340; baseline 0 -17"><span class='ocrx_word' id='word_1_228' title='bbox 467 2303 486 2324; x_wconf 85' lang='lat'>»</span> <span class='ocrx_word' id='word_1_229' title='bbox 505 2282 603 2327; x_wconf 84' lang='lat' dir='ltr'>veni</span> <span class='ocrx_word' id='word_1_230' title='bbox 627 2291 791 2326; x_wconf 86' lang='lat' dir='ltr'>tantam</span> <span class='ocrx_word' id='word_1_231' title='bbox 819 2280 951 2325; x_wconf 83' lang='lat' dir='ltr'>fidem</span> <span class='ocrx_word' id='word_1_232' title='bbox 982 2280 1026 2324; x_wconf 91' lang='lat' dir='ltr'>in</span> <span class='ocrx_word' id='word_1_233' title='bbox 1057 2278 1204 2324; x_wconf 66' lang='lat' dir='ltr'>Israel.</span> <span class='ocrx_word' id='word_1_234' title='bbox 1236 2279 1291 2321; x_wconf 87' lang='lat' dir='ltr'>Et</span> <span class='ocrx_word' id='word_1_235' title='bbox 1314 2276 1411 2322; x_wconf 85' lang='lat' dir='ltr'>ideo</span> <span class='ocrx_word' id='word_1_236' title='bbox 1436 2276 1533 2320; x_wconf 87' lang='lat' dir='ltr'>dico</span> <span class='ocrx_word' id='word_1_237' title='bbox 1561 2277 1684 2322; x_wconf 79' lang='lat' dir='ltr'>vobis</span> <span class='ocrx_word' id='word_1_238' title='bbox 1705 2314 1715 2333; x_wconf 89' lang='lat'>,</span> <span class='ocrx_word' id='word_1_239' title='bbox 1739 2278 1841 2340; x_wconf 79' lang='lat' dir='ltr'>quia</span> 
     </span>
     <span class='ocr_line' id='line_1_30' title="bbox 469 2347 1841 2402; baseline -0.003 -5"><span class='ocrx_word' id='word_1_240' title='bbox 469 2374 488 2393; x_wconf 83' lang='lat'>&gt;›</span> <span class='ocrx_word' id='word_1_241' title='bbox 513 2351 640 2397; x_wconf 88' lang='lat' dir='ltr'>multi</span> <span class='ocrx_word' id='word_1_242' title='bbox 670 2351 725 2396; x_wconf 93' lang='lat' dir='ltr'>ab</span> <span class='ocrx_word' id='word_1_243' title='bbox 753 2351 932 2396; x_wconf 87' lang='lat' dir='ltr'>Oriente</span> <span class='ocrx_word' id='word_1_244' title='bbox 956 2360 997 2395; x_wconf 91' lang='lat' dir='ltr'>et</span> <span class='ocrx_word' id='word_1_245' title='bbox 1029 2348 1269 2394; x_wconf 87' lang='lat' dir='ltr'>Occidente</span> <span class='ocrx_word' id='word_1_246' title='bbox 1292 2347 1486 2402; x_wconf 84' lang='lat' dir='ltr'>venient,</span> <span class='ocrx_word' id='word_1_247' title='bbox 1519 2357 1561 2391; x_wconf 93' lang='lat' dir='ltr'>et</span> <span class='ocrx_word' id='word_1_248' title='bbox 1585 2348 1841 2393; x_wconf 87' lang='lat' dir='ltr'>recumbent</span> 
     </span>
     <span class='ocr_line' id='line_1_31' title="bbox 468 2417 1841 2478; baseline -0.007 -9"><span class='ocrx_word' id='word_1_249' title='bbox 468 2444 489 2464; x_wconf 87' lang='lat'>»</span> <span class='ocrx_word' id='word_1_250' title='bbox 513 2440 614 2469; x_wconf 91' lang='lat' dir='ltr'>cum</span> <span class='ocrx_word' id='word_1_251' title='bbox 633 2421 875 2471; x_wconf 74' lang='lat' dir='ltr'>Abrabam„</span> <span class='ocrx_word' id='word_1_252' title='bbox 894 2431 935 2466; x_wconf 84' lang='lat' dir='ltr'>et</span> <span class='ocrx_word' id='word_1_253' title='bbox 959 2421 1096 2476; x_wconf 81' lang='lat' dir='ltr'>Isaac,</span> <span class='ocrx_word' id='word_1_254' title='bbox 1120 2430 1161 2465; x_wconf 87' lang='lat' dir='ltr'>et</span> <span class='ocrx_word' id='word_1_255' title='bbox 1176 2421 1197 2463; x_wconf 84' lang='lat' dir='ltr'>J</span> <span class='ocrx_word' id='word_1_256' title='bbox 1206 2419 1314 2465; x_wconf 88' lang='lat' dir='ltr'>acob</span> <span class='ocrx_word' id='word_1_257' title='bbox 1327 2419 1371 2465; x_wconf 90' lang='lat' dir='ltr'>in</span> <span class='ocrx_word' id='word_1_258' title='bbox 1392 2434 1521 2478; x_wconf 83' lang='lat' dir='ltr'>regno</span> <span class='ocrx_word' id='word_1_259' title='bbox 1538 2417 1794 2465; x_wconf 68' lang='lat' dir='ltr'>coelorunls‘.</span> <span class='ocrx_word' id='word_1_260' title='bbox 1821 2441 1841 2461; x_wconf 86' lang='lat'>»</span> 
     </span>
     <span class='ocr_line' id='line_1_32' title="bbox 473 2487 1842 2552; baseline -0.002 -14"><span class='ocrx_word' id='word_1_261' title='bbox 473 2493 598 2538; x_wconf 86' lang='lat' dir='ltr'>Absit</span> <span class='ocrx_word' id='word_1_262' title='bbox 622 2511 645 2537; x_wconf 91' lang='lat' dir='ltr'>a</span> <span class='ocrx_word' id='word_1_263' title='bbox 669 2492 1004 2552; x_wconf 80' lang='lat' dir='ltr'>cogitationibus</span> <span class='ocrx_word' id='word_1_264' title='bbox 1033 2490 1187 2535; x_wconf 82' lang='lat' dir='ltr'>nostris</span> <span class='ocrx_word' id='word_1_265' title='bbox 1213 2527 1223 2546; x_wconf 74' lang='lat'>,</span> <span class='ocrx_word' id='word_1_266' title='bbox 1260 2499 1306 2534; x_wconf 91' lang='lat' dir='ltr'>ut</span> <span class='ocrx_word' id='word_1_267' title='bbox 1346 2487 1439 2532; x_wconf 83' lang='lat' dir='ltr'>illos</span> <span class='ocrx_word' id='word_1_268' title='bbox 1462 2488 1584 2533; x_wconf 77' lang='lat' dir='ltr'>cibos</span> <span class='ocrx_word' id='word_1_269' title='bbox 1623 2488 1667 2533; x_wconf 90' lang='lat' dir='ltr'>in</span> <span class='ocrx_word' id='word_1_270' title='bbox 1696 2506 1842 2535; x_wconf 56' lang='lat' dir='ltr'>mensa»</span> 
     </span>
     <span class='ocr_line' id='line_1_33' title="bbox 467 2557 1840 2623; baseline -0.002 -14"><span class='ocrx_word' id='word_1_271' title='bbox 467 2563 581 2609; x_wconf 89' lang='lat' dir='ltr'>illius</span> <span class='ocrx_word' id='word_1_272' title='bbox 593 2562 711 2622; x_wconf 82' lang='lat' dir='ltr'>regni</span> <span class='ocrx_word' id='word_1_273' title='bbox 730 2561 982 2622; x_wconf 79' lang='lat' dir='ltr'>cogitemus,</span> <span class='ocrx_word' id='word_1_274' title='bbox 1003 2559 1056 2605; x_wconf 86' lang='lat' dir='ltr'>de</span> <span class='ocrx_word' id='word_1_275' title='bbox 1073 2560 1276 2623; x_wconf 84' lang='lat' dir='ltr'>qualibus</span> <span class='ocrx_word' id='word_1_276' title='bbox 1292 2558 1401 2604; x_wconf 88' lang='lat' dir='ltr'>dicit</span> <span class='ocrx_word' id='word_1_277' title='bbox 1416 2557 1675 2622; x_wconf 87' lang='lat' dir='ltr'>Apostolus:</span> <span class='ocrx_word' id='word_1_278' title='bbox 1698 2559 1840 2606; x_wconf 84' lang='lat' dir='ltr'>«Esca</span> 
     </span>
    </p>
   </div>
   <div class='ocr_carea' id='block_1_3' title="bbox 517 2644 1840 2693">
    <p class='ocr_par' dir='ltr' id='par_1_4' title="bbox 517 2644 1840 2693">
     <span class='ocr_line' id='line_1_34' title="bbox 517 2644 1840 2693; baseline -0.003 -10"><span class='ocrx_word' id='word_1_279' title='bbox 517 2650 526 2673; x_wconf 82' lang='lat'><strong>¹</strong></span> <span class='ocrx_word' id='word_1_280' title='bbox 543 2653 639 2684; x_wconf 79' lang='lat' dir='ltr'>Joan.</span> <span class='ocrx_word' id='word_1_281' title='bbox 658 2660 726 2693; x_wconf 65' lang='lat' dir='ltr'>xvx,</span> <span class='ocrx_word' id='word_1_282' title='bbox 751 2660 802 2684; x_wconf 64' lang='grc' dir='ltr'>ια.</span> <span class='ocrx_word' id='word_1_283' title='bbox 818 2667 863 2673; x_wconf 86' lang='grc'>-</span> <span class='ocrx_word' id='word_1_284' title='bbox 879 2648 953 2682; x_wconf 84' lang='lat' dir='ltr'>21d.</span> <span class='ocrx_word' id='word_1_285' title='bbox 975 2660 1042 2688; x_wconf 76' lang='lat' dir='ltr'>xiv,</span> <span class='ocrx_word' id='word_1_286' title='bbox 1056 2650 1088 2682; x_wconf 83' lang='lat'>6.</span> <span class='ocrx_word' id='word_1_287' title='bbox 1103 2667 1146 2673; x_wconf 88' lang='lat'>—-</span> <span class='ocrx_word' id='word_1_288' title='bbox 1166 2647 1180 2671; x_wconf 72' lang='lat'>5</span> <span class='ocrx_word' id='word_1_289' title='bbox 1198 2649 1244 2681; x_wconf 69' lang='lat' dir='ltr'>td.</span> <span class='ocrx_word' id='word_1_290' title='bbox 1268 2659 1314 2691; x_wconf 77' lang='lat' dir='ltr'>vt,</span> <span class='ocrx_word' id='word_1_291' title='bbox 1336 2644 1468 2685; x_wconf 56' lang='grc' dir='ltr'>[μμ-4</span> <span class='ocrx_word' id='word_1_292' title='bbox 1485 2647 1602 2682; x_wconf 78' lang='lat' dir='ltr'>Matth.</span> <span class='ocrx_word' id='word_1_293' title='bbox 1616 2659 1688 2689; x_wconf 74' lang='lat' dir='ltr'>vm,</span> <span class='ocrx_word' id='word_1_294' title='bbox 1713 2659 1763 2688; x_wconf 83' lang='grc' dir='ltr'>ιο,</span> <span class='ocrx_word' id='word_1_295' title='bbox 1783 2648 1840 2682; x_wconf 75' lang='grc' dir='ltr'>ι’ῐ.</span> 
     </span>
    </p>
   </div>
   <div class='ocr_carea' id='block_1_4' title="bbox 1838 0 1866 3241">
    <p class='ocr_par' dir='ltr' id='par_1_5' title="bbox 1838 0 1866 3241">
     <span class='ocr_line' id='line_1_35' title="bbox 1838 0 1866 3241; baseline 0 0"><span class='ocrx_word' id='word_1_296' title='bbox 1838 0 1866 3241; x_wconf 95' lang='lat' dir='ltr'> </span> 
     </span>
    </p>
   </div>
   <div class='ocr_carea' id='block_1_5' title="bbox 1840 2663 1848 3240">
    <p class='ocr_par' dir='ltr' id='par_1_6' title="bbox 1840 2663 1848 3240">
     <span class='ocr_line' id='line_1_36' title="bbox 1840 2663 1848 3240; baseline 0 0"><span class='ocrx_word' id='word_1_297' title='bbox 1840 2663 1848 3240; x_wconf 95' lang='lat' dir='ltr'> </span> 
     </span>
    </p>
   </div>
  </div>
 </body>
</html>
