1866 3241
393 248 449 276 22
812 249 846 277 s.
891 248 1131 279 Aucusrlm
1168 252 1370 281 Episcom

396 322 519 376 pater
537 314 675 371 major
692 323 754 357 est
777 322 969 376 tempore
993 331 1122 376 quam
1150 315 1263 360 filius
1284 335 1294 361 :
1317 327 1359 360 et
1376 315 1473 362 idco
1489 317 1552 363 vis
1569 328 1618 363 ut
1634 318 1762 364 Filius

392 383 472 428 Dei
502 393 691 446 tempore
715 384 856 429 minor
882 385 936 430 sit
963 402 1092 448 quam
1119 387 1248 432 Pater
1271 398 1480 439 aeternus,
1507 389 1609 451 quia
1639 389 1762 434 inve—
1827 426 1843 436 ,1

390 454 492 501 nisti
512 454 721 499 minorem
752 454 889 500 filium
915 466 1039 518 patre
1061 456 1302 520 temporali.
1331 459 1396 503 Da
1418 458 1527 503 mihi
1554 469 1762 505 aeternum

390 536 561 590 patrem
580 524 655 570 hic
672 562 682 581 ‚
712 535 753 570 et
778 525 977 571 invenisti
1003 526 1343 574 similitudinem.
1377 527 1534 574 Filium
1555 529 1762 575 minorem

389 595 555 642 invenis
596 606 721 659 patre
747 596 1034 660 intempore,
1068 597 1206 643 filium
1240 597 1521 661 temporalem
1554 599 1764 646 minorem

389 677 512 729 patre
531 665 772 729 temporali.
809 666 1033 729 Numquid
1048 667 1249 713 invenisti
1264 668 1373 713 mihi
1391 667 1529 714 filium
1551 678 1766 733 tempora-

390 736 474 782 lem
495 736 702 781 minorem
721 747 882 782 aeterno
898 740 1054 800 patre?
1076 738 1188 793 Quia
1213 755 1312 798 ergo
1326 737 1370 783 in
1384 738 1623 785 aeternitate
1635 739 1766 786 stabi-
1826 776 1829 783 .

391 805 488 852 litas
505 816 567 851 est
581 843 592 863 ‚
619 806 662 851 in
682 817 875 870 tempore
901 817 1044 852 autem
1063 807 1246 853 varietas
1266 828 1277 862 3
1297 807 1340 854 in
1365 808 1602 854 &eternitate
1623 809 1766 855 omnia

394 886 532 933 stant,
552 876 597 922 in
621 887 816 940 tempore
843 876 925 922 alia
950 876 1185 933 accedunt,
1211 877 1292 923 alia
1317 877 1620 924 succedunt1z
1646 889 1768 942 potes

390 947 582 994 invenire
604 947 816 993 minorem
835 947 973 993 filium
1004 948 1049 993 in
1074 948 1279 994 varietate
1297 949 1505 1013 temporis
1526 948 1768 995 succeden-
1826 992 1828 1010 ᾖ

392 1028 479 1063 tem
504 1018 640 1082 patri,
661 1018 764 1082 quia
778 1018 908 1064 etiam
922 1018 1040 1082 patri
1063 1036 1139 1065 suo
1161 1019 1253 1083 ipse
1276 1019 1477 1065 successit
1498 1037 1587 1065 non
1608 1029 1768 1066 aetcrno
1825 1039 1827 1048 <

394 1089 510 1151 patri
543 1088 805 1152 temporalis.
843 1088 964 1145 Quid
988 1106 1088 1149 ergo
1112 1106 1368 1153 possumus,
1404 1088 1557 1135 frttres
1588 1089 1698 1146 mei
1724 1089 1769 1135 in
1825 1082 1827 1103 ³

395 1170 590 1204 ‹reatura
608 1159 682 1205 inv
684 1159 800 1205 enire
826 1169 1092 1204 coaeternum
1109 1159 1366 1223 ‚'quando
1355 1177 1401 1205 m
1437 1169 1632 1204 creatura
1660 1127 1771 1204 nihil
1824 1172 1827 1199 ε

394 1229 636 1275 invenimus
654 1240 886 1275 aeternum.
876 1232 895 1266 ἲ)
915 1229 1068 1275 Inveni
1087 1240 1298 1275 aeternum
1313 1240 1482 1293 patrem
1496 1229 1543 1274 in
1555 1239 1735 1275 creatur·
1729 1248 1769 1278 ι

394 1310 436 1344 et
462 1299 634 1346 invenio
658 1310 922 1345 coaeternum
944 1299 1101 1346 filium.
1131 1300 1176 1345 Si
1197 1310 1344 1345 autem
1358 1299 1624 1346 noninvenis
1651 1310 1773 1345 aeter-
1824 1321 1826 1347 ξ

393 1386 501 1415 num
516 1407 527 1425 ,
551 1380 593 1414 et
617 1370 800 1415 vincunt
823 1387 865 1415 se
882 1370 928 1415 in
952 1380 1146 1434 tempore
1164 1389 1175 1423 3
1195 1369 1355 1415 sufficit
1373 1380 1421 1414 ut
1446 1369 1500 1415 ad
1520 1369 1773 1415 similitudi—
1824 1397 1826 1426 ὲ

395 1458 495 1485 nem
525 1440 793 1486 inveniamus
825 1456 1036 1486 coaevum.
1079 1439 1211 1484 Aliud
1237 1449 1298 1484 est
1340 1439 1455 1484 enim
1490 1449 1770 1489 coaeternumq
1824 1455 1825 1466 ¹

398 1510 516 1556 aliud
541 1527 751 1556 coaevum.
779 1510 959 1555 Coaevos
986 1510 1180 1573 quotidie
1200 1509 1385 1555 dicimus
1421 1526 1491 1555 eos
1508 1546 1519 1566 ‚
1563 1510 1640 1573 qui
1661 1527 1775 1556 eam-
1823 1516 1825 1567 j

395 1579 494 1625 dem
523 1580 689 1625 habent
722 1597 968 1625 mensuram
995 1590 1241 1643 temporum
1264 1597 1274 1624 ε
1302 1597 1391 1626 non
1423 1579 1530 1625 alter
1555 1580 1612 1625 ab
1643 1580 1775 1626 altero

395 1649 661 1714 praeceditur
694 1661 916 1713 tempore,
954 1650 1105 1695 ambos
1135 1660 1281 1695 tamen
1307 1667 1393 1695 esse
1425 1650 1632 1714 coepisse,
1669 1667 1777 1714 quos

399 1720 584 1766 dicimus
615 1737 795 1766 coaevos.
831 1719 876 1765 Si
903 1720 1173 1783 potuerimus
1203 1720 1393 1766 invenire
1424 1737 1622 1766 coaevum
1658 1720 1776 1784 quod

401 1790 594 1835 nascitur
610 1790 648 1835 ei
666 1809 689 1835 a
710 1807 798 1854 quo
815 1790 1031 1843 nascitur3
1051 1790 1085 1835 si
1101 1800 1283 1853 possunt
1296 1790 1480 1835 inveniri
1495 1806 1642 1835 coaeva
1669 1789 1773 1845 duo„

400 1877 605 1920 generans
619 1871 662 1905 et
674 1871 900 1920 generatus
918 1877 928 1904 ε
945 1860 1019 1905 hic
1033 1860 1276 1905 invenimus
1290 1876 1454 1915 coaeva,
1475 1859 1539 1905 ibi
1560 1859 1776 1920 intelliga—
1821 1862 1823 1883 ³

403 1947 497 1976 mus
515 1942 743 1978 coaeterna.
761 1931 890 1976 Sihic
904 1930 1106 1976 invenero
1127 1930 1317 1990 genitum
1338 1946 1385 1974 ex
1408 1946 1457 1974 eo
1471 1946 1556 1975 esse
1574 1931 1774 1999 coepisse,
1820 1965 1823 1995 5

400 2019 447 2047 ex
470 2019 557 2065 quo
585 2002 724 2066 coepit
754 2011 993 2062 generator,
1018 2000 1300 2060 intelligimus
1318 2011 1432 2046 certe
1451 1999 1609 2046 Filium
1628 2001 1708 2047 Dei
1732 2018 1778 2046 ex
1820 2013 1826 2055 J

398 2090 448 2118 eo
469 2089 555 2117 esse
575 2090 661 2118 non
694 2071 878 2136 coepisse
897 2108 907 2128 ,
934 2088 981 2116 ex
1010 2088 1098 2134 quo
1122 2088 1211 2117 non
1236 2071 1374 2134 coepit
1395 2081 1630 2130 generator.
1665 2072 1778 2117 Ecce
1820 2088 1822 2130 }

397 2144 591 2200 fortasse,
612 2143 786 2199 fratres,
809 2143 1053 2189 invenimus
1085 2141 1251 2206 aliquid
1274 2141 1319 2187 in
1342 2152 1555 2198 creatura,
1576 2141 1697 2206 quod
1724 2141 1778 2188 de
1820 2160 1821 2185 ἢ

397 2214 479 2260 alia
500 2232 544 2260 re
564 2224 785 2266 nascatur„
805 2224 846 2258 et
861 2224 1005 2258 tamen
1030 2230 1078 2258 ex
1101 2230 1150 2257 eo
1180 2223 1375 2277 tempore
1391 2230 1478 2259 esse
1495 2212 1680 2276 incipiat
1697 2250 1707 2267 ‚
1729 2231 1777 2258 ex

397 2303 484 2351 quo
518 2285 657 2349 coepit
681 2284 791 2331 illud
823 2284 938 2330 unde
968 2283 1176 2331 nascitur.
1219 2283 1316 2329 Hoc
1337 2300 1385 2328 ex
1412 2301 1461 2329 eo
1482 2300 1529 2329 ex
1555 2300 1642 2348 quo
1667 2283 1777 2330 illud
1819 2309 1821 2338 ;

397 2357 535 2422 coepit
553 2394 563 2407 ,
590 2355 699 2403 illud
736 2373 783 2402 ex
821 2372 869 2402 co
893 2372 940 2401 ex
964 2371 1051 2420 quo
1066 2353 1175 2400 illud
1192 2371 1280 2400 non
1294 2354 1445 2419 coepit.
1468 2353 1565 2400 Hoc
1584 2371 1684 2415 ergo
1697 2371 1777 2400 co-

401 2444 544 2475 aevum
563 2464 574 2484 ,
593 2426 701 2473 illud
717 2437 995 2474 coaeternum.

449 2593 459 2615 ¹
480 2592 593 2627 Florus
610 2590 647 2623 ad
668 2589 771 2623 Hebr.
792 2601 823 2623 1.

464 2499 542 2544 XI.
591 2497 791 2544 Arbitror
829 2497 1110 2544 Sanctitatem
1153 2495 1350 2542 Vestram
1394 2499 1486 2556 jam
1528 2494 1778 2543 intellexisse
1817 2471 1819 2534 l
