1866 3241
235 343 377 374 summ
414 339 533 380 cxxv,
575 339 630 371 m:
666 339 824 371 vnnms
859 334 1024 371 EVANG.
1068 334 1197 367 JoAN.
1238 334 1280 366 v.
1388 317 1450 380 69

74 431 95 453 «
116 410 242 457 Serve
270 425 458 471 nequam
492 417 534 451 et
556 407 694 470 piger,
738 424 870 469 quare
906 422 995 450 non
1029 401 1182 447 dedisti
1218 399 1454 464 pecuniam

76 478 432 526 »nummulm-iis.
474 488 515 522 et
557 495 633 537 ego
675 478 847 522 veniens
883 493 985 521 eum
1018 472 1157 517 usuris
1185 489 1278 516 eam
1315 471 1457 528 exige-

75 573 96 594 »
117 548 261 596 rem1?
283 571 302 590 >2
327 549 383 592 Et
403 547 514 593 mihi
540 547 648 610 quid
682 547 908 610 proderit,
947 544 1049 607 quia
1071 541 1184 587 nihil
1212 540 1385 604 perdidi
1409 557 1456 585 ex

75 636 125 665 eo
147 617 268 682 quod
300 617 484 680 accepi?
509 617 672 661 Parum
704 627 766 662 est
800 615 989 661 Domino
1020 628 1139 668 meo,
1178 626 1332 657 avarus
1361 619 1455 653 est:

77 689 150 736 sed
165 688 345 735 avaritia
366 687 447 732 Dei
472 687 583 732 salus
596 698 739 733 nostra
758 698 833 733 est.
856 688 921 733 AV
925 703 970 731 ‘11
975 701 1022 730 us
1040 692 1120 734 est
1141 698 1342 727 nummos
1361 696 1459 725 suos

78 759 251 823 quaerit,
278 758 510 817 imaginem
535 775 655 803 suam
686 758 865 817 colligit.
899 778 919 797 «
945 756 1097 809 Dares,
1126 752 1291 816 inquit,
1319 767 1461 814 pecu-

78 830 232 874 »niam
263 828 589 876 nummulariis
626 839 667 873 et
697 845 774 887 ego
807 827 981 873 xeniens
1018 841 1121 870 cum
1154 822 1293 868 usuris
1318 820 1462 879 exige-

81 916 221 945 »rem
252 920 272 940 »
301 899 392 943 Etsi
416 898 482 943 101
486 909 523 943 te
548 882 711 944 oblivio
723 865 927 947 tlaceret
965 906 1012 940 ut
1038 913 1126 940 non
1160 910 1236 939 vos
1264 908 1463 937 commo-

79 986 246 1021 nerem3
286 968 355 1013 vel
385 969 639 1013 tentationes
679 979 720 1013 et
759 966 1062 1013 tribulationes
1098 980 1205 1027 quas
1236 962 1461 1026 patimur,

81 1039 359 1085 admonerent
382 1057 470 1085 vos.
503 1040 629 1084 Certe
663 1037 840 1083 audistis
869 1036 1055 1084 verbum
1077 1034 1173 1080 Dei.
1204 1031 1465 1077 Benedictus

83 1109 292 1154 Dominus
322 1120 364 1154 et
386 1109 520 1169 gloria
549 1109 700 1172 ipsius.
735 1106 997 1167 Congregati
1020 1105 1136 1150 enim
1159 1104 1275 1158 estis,
1310 1112 1352 1147 et
1369 1118 1467 1146 sus-

82 1178 323 1243 pendimini
354 1180 400 1224 in
429 1180 563 1224 verbo
592 1178 898 1242 dispensatoris
938 1176 1032 1223 Dei.
1082 1175 1182 1220 Non
1206 1173 1260 1219 ad
1293 1188 1468 1218 carnem

82 1259 272 1294 nostram
294 1249 542 1300 attendatis,
570 1266 649 1312 per
669 1266 802 1312 quam
820 1247 945 1294 vobis
964 1246 1194 1292 exhibetur
1217 1262 1227 1289 :
1254 1244 1355 1307 quia
1369 1258 1470 1287 esu-

84 1320 237 1365 rientes
260 1338 349 1365 non
368 1320 599 1366 attendunt
620 1320 674 1365 ad
694 1319 905 1365 vilitatem
930 1317 1114 1366 vasculi.
1153 1315 1227 1361 sed
1244 1314 1299 1360 ad
1319 1313 1470 1359 chari-

85 1401 215 1436 tatem
241 1392 344 1438 cibi.
387 1391 554 1437 Probat
574 1409 650 1436 vos
688 1392 818 1437 Deus,
854 1388 1118 1449 Congregati
1137 1387 1253 1442 estis,
1282 1383 1472 1431 laudatis

84 1462 267 1506 verbum
302 1462 404 1514 Dei;
434 1461 614 1506 tentatio
649 1461 858 1524 probabit
881 1458 1101 1523 quomodo
1133 1456 1351 1502 audiatis:
1380 1454 1468 1500 ha-

85 1532 245 1577 bebitis
269 1532 456 1591 negotia,
477 1532 522 1577 in
538 1532 698 1595 quibus
722 1530 974 1576 ostendatur
998 1528 1144 1592 quales
1161 1527 1273 1573 estis.
1299 1526 1411 1571 Nam
1429 1535 1472 1569 et

87 1602 162 1664 qui
188 1601 318 1647 hodie
338 1602 572 1647 convitiose
595 1601 772 1655 clamat,
794 1600 890 1645 heri
912 1599 1097 1645 libenter
1115 1597 1335 1643 audiebat.
1362 1595 1468 1641 ldeo

87 1689 353 1735 praemoneo,
389 1672 487 1717 ideo
516 1672 633 1727 dieo,
673 1671 769 1716 ideo
792 1688 880 1716 non
898 1680 1037 1725 taceo,
1060 1668 1212 1714 fratres
1238 1666 1340 1722 mei,
1366 1665 1470 1728 quia

88 1742 228 1787 veniet
249 1742 543 1802 interrogandi
571 1752 755 1805 tempus,
788 1740 1044 1785 «Dominus
1081 1738 1196 1783 enim
1236 1737 1472 1793 interrogat

89 1815 292 1872 »justum
333 1823 375 1857 et
404 1813 604 1876 impium.
630 1834 649 1853 ›>
672 1813 797 1856 Certe
817 1811 904 1856 hoc
940 1809 1162 1863 cantastis,
1203 1817 1317 1852 certe.
1343 1805 1473 1851 simul

90 1883 392 1928 cantavimus:
417 1883 663 1928 «Dominus
687 1882 923 1941 interrogat
950 1884 1116 1940 justum
1153 1889 1194 1923 et
1219 1877 1422 1940 impium.
1451 1896 1472 1916 »

91 1952 148 1997 Et
167 1952 273 2016 quid
297 1953 526 2016 sequitur?
554 1975 572 1993 «
595 1953 683 2009 Qui
706 1963 851 1997 autem
893 1950 1037 2009 diligit
1060 1948 1353 2011 iniquitatem,
1378 1945 1473 1991 odit

97 2043 118 2064 »
136 2023 325 2068 animam
347 2023 509 2068 suam'2.
530 2044 550 2064 »
576 2023 633 2067 Et
658 2022 741 2067 alio
765 2022 889 2067 loco:
919 2042 940 2061 «
960 2022 1012 2066 ln
1039 2016 1474 2079 cogitationibusim-

93 2113 114 2134 ›>
131 2092 195 2155 pii
224 2093 502 2152 interlogatio
533 2092 654 2139 eritss.
683 2114 703 2134 »
729 2092 828 2137 Non
852 2092 931 2137 ubi
966 2108 1043 2150 ego
1069 2100 1107 2134 te
1131 2090 1366 2148 interrogo,
1410 2086 1476 2132 ibi

92 2162 328 2222 interrogat
355 2163 485 2209 Deus.
519 2163 610 2221 Ego
632 2162 851 2221 interrogo
882 2161 1078 2221 linguam
1098 2170 1238 2215 tuam,
1262 2159 1378 2203 Deus
1400 2157 1474 2202 in-

96 2242 282 2293 terrogat
321 2233 626 2292 cogitationem
658 2243 790 2280 tuam.
835 2232 968 2277 Novit
992 2241 1135 2276 autem
1158 2229 1377 2293 quomodo
1401 2243 1476 2272 au-

96 2302 205 2359 dias,
230 2314 271 2348 et
295 2303 415 2348 novit
432 2303 651 2366 quomodo
672 2303 826 2363 exigat,
850 2303 927 2366 qui
940 2302 1071 2362 jubet
1095 2311 1144 2346 ut
1158 2300 1271 2346 dem.
1304 2299 1474 2358 Eroga-

97 2382 232 2418 torem
263 2390 331 2419 me
354 2391 440 2419 esse
463 2374 620 2429 voluit,
644 2373 908 2419 exactionem
934 2372 1018 2418 sibi
1053 2371 1250 2417 servavit.
1275 2369 1472 2425 Monere,

100 2441 268 2499 docere,
295 2445 510 2508 corripere
533 2456 729 2491 nostrum
754 2455 847 2491 est:
879 2443 1041 2490 salvare
1063 2459 1164 2488 vero
1181 2452 1224 2488 et
1249 2457 1473 2497 coronare,

102 2522 175 2558 aut
203 2512 407 2560 damnare
432 2526 475 2560 et
511 2516 556 2561 in
590 2515 806 2575 gehennas
840 2515 1029 2570 mittere,
1066 2530 1155 2559 non
1177 2522 1239 2558 est
1260 2521 1470 2558 nostrum.

102 2602 123 2623 u
147 2582 284 2630 Judex
315 2596 458 2632 autem
490 2587 631 2632 tradet
667 2587 881 2643 ministro,
921 2586 1118 2632 minister
1157 2585 1205 2632 in
1239 2600 1468 2643 carcerem,

153 2672 164 2698 ⁸
182 2674 259 2712 Luc,
279 2685 350 2718 xix,
371 2677 428 2711 23.
442 2674 606 2711 ==²Psat
626 2687 660 2720 x,
679 2677 714 2712 6,
733 2693 778 2702 =—=
794 2673 808 2699 ³
823 2678 899 2721 Sap.
918 2688 944 2721 1,
964 2687 995 2720 9,
