1866 3241
214 353 356 383 SERMO
393 352 518 391 CLIII,
553 353 606 382 DE
648 352 800 382 VERBIS
837 351 987 383 APOST.
1032 354 1136 385 noM.
1179 355 1260 387 vil.
1336 357 1422 405 291

10 416 14 480 l
62 427 123 465 est
139 417 309 463 vincere
325 454 336 473 9
362 427 587 480 superatus
609 428 737 480 atque
760 427 1000 479 prostratus
1022 428 1082 463 est
1107 435 1116 462 ε
1144 418 1284 465 factus
1305 431 1367 466 est
1390 432 1433 467 θῖ

64 488 186 547 Legis
208 488 534 551 praevaricator,
558 488 632 550 qui
651 488 733 532 fuit
755 497 877 533 antea
898 487 1063 533 nescius
1084 500 1299 551 peccator.
1338 492 1435 537 Hoc

66 558 172 605 dicit
190 557 417 620 Apostolus
445 575 455 602 :
485 579 505 599 «
525 559 611 602 Lex
630 568 859 621 peccatum
881 560 975 603 est?
1004 557 1138 605 Absit.
1173 559 1256 605 Sed
1274 577 1437 623 pecca-

68 650 89 672 »
111 637 203 673 tum
230 645 317 673 non
341 628 542 687 cognovi3
568 628 649 672 nisi
673 645 752 691 per
780 633 950 687 Legem.
986 628 1096 673 Nam
1120 631 1439 694 concupiscen-

69 722 91 744 ι)
112 699 216 745 tiam
241 699 502 753 nesciebam,
530 698 609 743 nisi
632 700 711 744 Lex
733 699 895 744 diceret
917 717 927 743 :
954 700 1052 744 Non
1072 701 1366 764 concupisces.
1389 724 1409 743 ))

134 769 231 815 Vll.
263 790 283 810 «
304 769 544 814 Occasione
571 779 715 814 autem
738 780 914 833 accepta
932 807 942 825 ‚
964 780 1195 833 peccatum
1217 788 1296 834 per
1313 789 1443 818 man-

74 862 94 882 »
115 839 263 886 datum
281 849 507 901 operatum
527 849 589 883 est
609 839 655 884 in
674 856 741 884 me
764 857 935 885 omnem
956 841 1353 904 concupiscentiam
1372 842 1405 891 1.
1425 866 1446 885 »

75 911 216 957 Minor
243 920 334 955 erat
363 910 734 973 concupiscentia,
767 910 943 973 quando
968 921 1065 956 ante
1094 916 1246 972 Legem
1277 930 1452 960 securus

75 981 304 1046 peccabas,
329 998 447 1026 nunc
469 991 614 1026 autem
642 982 853 1044 oppositis
872 982 953 1027 tibi
970 981 1172 1027 obicibus
1191 984 1331 1044 Legis,
1360 986 1451 1032 ssu-

77 1051 169 1099 vius
205 1051 572 1114 concupiscentiae
598 1052 728 1114 quasi
759 1052 949 1097 frenatus
979 1062 1041 1097 est
1079 1052 1337 1115 paululum,
1366 1073 1457 1102 non

79 1121 261 1167 siccatus
287 1139 297 1166 :
321 1121 394 1167 sed
410 1121 673 1167 increscente
691 1122 858 1185 impetu
881 1123 958 1186 qui
980 1133 1020 1168 te
1044 1122 1233 1169 ducebat
1253 1125 1458 1173 obicibus

80 1191 227 1248 nullis,
257 1192 405 1238 obruit
424 1203 464 1237 te
482 1192 684 1237 obicibus
700 1193 854 1256 ruptis.
892 1194 1257 1257 Concupiscentia
1281 1206 1355 1242 tua
1372 1197 1460 1242 mi·-

81 1279 161 1309 nor
182 1273 292 1317 erat,
310 1262 488 1325 quando
513 1273 630 1307 tuam
645 1263 849 1308 movebat
863 1262 1110 1319 libidinffln,
1142 1266 1282 1311 omnis
1301 1277 1364 1312 est
1379 1283 1462 1313 au—

86 1343 170 1379 tem
187 1332 362 1396 quando
380 1333 644 1378 transcendit
666 1344 708 1378 et
728 1335 897 1393 Legem.
921 1334 994 1380 Vis
1013 1351 1134 1380 nosse
1151 1352 1282 1398 quam
1306 1354 1465 1398 magna

39 1402 41 1410 ¹
86 1403 168 1450 sit?
190 1403 297 1449 Vide
315 1403 423 1467 quid
458 1404 626 1467 ruperit
648 1421 658 1448 ε
684 1425 702 1445 <‹
724 1405 822 1450 Non
848 1406 1143 1468 concupisces.
1168 1427 1188 1447 n
1213 1408 1312 1452 Non
1331 1408 1466 1454 homo

88 1474 219 1529 dixit,
244 1475 365 1522 Deus,
379 1473 502 1529 dixit,
523 1478 703 1520 Creator
721 1474 845 1531 dixit,
869 1475 1008 1520 Judex
1023 1486 1214 1523 {eternus
1227 1477 1351 1535 dixit,
1377 1496 1468 1525 non

0 1577 4 1603 -,
89 1545 354 1608 quicumque
377 1542 497 1589 dixit.
529 1545 613 1588 Fac
630 1561 729 1603 ergo
747 1544 865 1606 quod
884 1544 1004 1590 dixit.
1032 1546 1272 1593 NonfacisP
1288 1549 1472 1597 observa

1 1647 7 1674 ἱ
88 1613 354 1675 judicantem
373 1613 449 1675 qui
471 1612 590 1659 dixit.
619 1612 704 1658 Sed
721 1613 827 1675 quid
844 1613 995 1669 facias,
1022 1631 1048 1660 o
1066 1614 1231 1663 homo?
1257 1617 1362 1664 Ideo
1380 1637 1470 1668 non

91 1684 251 1741 vicisti,
280 1684 382 1747 quia
406 1683 459 1728 de
483 1693 523 1728 te
541 1684 870 1747 praesumpsisti.

158 1755 282 1802 Vlll.
314 1754 496 1800 Attende
512 1771 612 1813 ergo
632 1771 749 1800 nunc
780 1755 913 1800 verba
945 1756 1164 1819 superiora
1180 1794 1190 1812 ,
1219 1775 1318 1821 quae
1344 1760 1472 1807 vide-

0 1859 12 1886 η
52 1882 55 1887 ⁴
97 1827 258 1873 bantur
275 1826 474 1872 obscura.
505 1846 525 1866 «
549 1826 664 1870 Cum
685 1825 800 1870 enim
832 1842 1016 1870 essemus
1042 1826 1088 1871 in
1114 1843 1256 1875 carne.
1287 1850 1308 1871 »
1329 1831 1475 1881 Verba

99 1914 197 1961 quae
237 1896 458 1960 superiora
481 1895 666 1940 diximus
682 1932 692 1951 ,
717 1895 833 1940 unde
853 1895 991 1959 coepit
1017 1895 1144 1942 lectio
1166 1914 1266 1960 quae
1290 1900 1478 1952 obscura

0 2000 16 2028 Ἡ
94 1966 346 2023 videbatur,
370 1964 578 2012 attendite
601 1982 611 2009 :
635 1985 655 2006 ε(
678 1966 792 2010 Cum
808 1965 923 2010 enim
943 1982 1126 2011 essemus
1149 1966 1195 2012 in
1211 1984 1355 2028 carne,
1375 1990 1475 2036 pas-

0 2072 17 2101 Κ,
97 2059 118 2081 »
139 2037 276 2083 siones
314 2046 595 2100 peccatorum
627 2051 728 2097 quae
763 2052 843 2098 per
869 2037 1028 2095 Legem
1058 2047 1170 2083 sunt.
1201 2059 1222 2079 7)
1246 2039 1371 2087 Unde
1393 2060 1475 2107 per

0 2142 21 2189 Ψ
98 2109 254 2168 Legem
273 2110 402 2153 sunt?
416 2106 531 2162 Quia
549 2122 718 2151 eramus
731 2105 773 2150 in
789 2122 930 2152 carne.
952 2106 1072 2162 Quid
1085 2116 1164 2163 est,
1184 2109 1288 2171 quia
1305 2128 1476 2160 eramus

0 2212 23 2243 111
98 2180 145 2226 in
164 2181 319 2225 carne?
347 2176 721 2223 Praesumebamus
745 2175 798 2221 de
827 2192 968 2222 carne.
1016 2177 1131 2222 'Num
1159 2179 1270 2225 enim
1306 2183 1382 2245 qui
1403 2183 1475 2230 lo·-

0 2283 25 2314 ffiffi
101 2250 317 2313 quebatur
342 2246 600 2311 Apostolus,
628 2250 719 2306 jam
752 2247 909 2292 exierat
933 2246 985 2292 de
1016 2247 1095 2292 ista
1127 2264 1277 2307 carne,
1313 2264 1388 2299 aut
1417 2255 1478 2302 eis

0 2354 26 2384 ru:
104 2318 364 2383 loquebatur
396 2317 473 2380 qui
498 2320 589 2375 jam
618 2317 805 2362 exierant
828 2327 965 2362 morte
999 2316 1052 2362 de
1081 2317 1160 2364 ista
1186 2324 1343 2368 carne?
1379 2324 1479 2373 Non

0 2381 29 2456 'ns
105 2391 278 2453 utique3
303 2388 377 2434 sed
400 2386 638 2433 secundum
663 2387 795 2446 hujus
820 2387 918 2433 vitae
941 2387 1141 2445 modum,
1168 2400 1208 2435 et
1226 2392 1302 2454 qui
1320 2391 1481 2459 loque—

2 2484 31 2528 ΠΗ,
104 2461 257 2517 batur,
277 2470 320 2505 et
337 2458 497 2523 quibus
519 2456 782 2520 loquebatur
797 2495 807 2514 ‚
834 2458 880 2503 in
904 2475 1032 2503 earne
1057 2470 1192 2507 erant.
1230 2462 1352 2518 Quid
1379 2483 1480 2529 ergo

108 2541 185 2587 est,
214 2552 234 2573 ε(
252 2530 366 2576 Cum
391 2545 574 2574 essemus
589 2530 636 2573 in
653 2545 800 2583 carne,
823 2549 843 2569 >³
867 2528 948 2574 nisi
974 2545 1074 2574 cum
1092 2529 1145 2575 de
1163 2548 1290 2580 carne
1307 2553 1481 2600 praesu..

110 2617 319 2649 meremus
337 2638 348 2658 ‚
379 2599 467 2646 hoc
489 2609 551 2644 est
568 2635 579 2655 ‚
606 2597 660 2643 de
693 2599 820 2644 nobis
844 2599 1160 2649 confideremus
1176 2603 1230 2650 2¹1)
1250 2625 1273 2647 >2
1303 2606 1487 2662 Homini

157 2691 169 2742 ,¹
187 2692 281 2725 Rom.
303 2698 362 2735 vn2
383 2688 418 2725 8.
436 2702 475 2711 -
493 2684 509 2710 2
527 2685 612 2720 Beda
628 2685 667 2719 ad
685 2688 783 2726 Rom,
805 2698 870 2736 τις,

0 2570 28 2600 at

0 2635 36 2675 aa

1284 2761 1354 2820 19.
