1866 3241
192 302 336 334 smum
371 301 488 342 erm,
526 300 582 332 DE
618 300 777 332 vmzms
814 298 966 332 Arosr.
1009 302 1117 334 nost.
1159 304 1261 336 v111.
1336 289 1428 356 327

54 366 242 415 Domino
257 405 268 424 ,
296 367 527 412 transvecti
546 383 716 423 sumus,
737 366 952 412 desiderat
978 376 1123 412 tamen
1144 368 1430 417 intentionem

52 448 236 485 vestram
256 456 267 484 :
288 437 406 485 velut
424 438 538 483 enim
558 437 778 483 conclusio
800 439 850 483 fit
865 475 875 493 ,
901 447 1082 501 propter
1100 437 1173 483 illa
1197 456 1296 502 quae
1313 441 1432 487 dicta

54 519 154 554 sunt
186 508 232 554 in
264 508 562 572 superioribus
596 508 880 563 lectionibus,
915 507 993 552 ubi
1024 507 1339 567 laborabatur,
1378 527 1432 557 ne

52 579 161 626 forte
177 595 273 624 reus
287 579 619 624 constitueretur
632 578 863 642 Apostolus
880 579 1076 623 omnium
1093 578 1282 643 quodam
1302 581 1431 627 modo

51 661 332 715 peccatorum
366 650 552 696 dicendo
580 667 590 695 :
633 672 654 692 «
687 651 784 695 Non
816 650 932 695 enim
967 648 1087 713 quod
1129 650 1229 696 volo
1266 651 1384 710 ago4.
1411 672 1432 693 »

54 720 220 766 Deinde
248 737 301 766 ne
324 720 390 766 lex
415 720 636 766 videretur
670 729 745 765 aut
779 719 972 765 sufficere
1002 736 1124 783 posse
1152 721 1323 766 homini
1344 721 1432 766 ha-

51 790 175 837 benti
197 790 385 837 liberum
404 792 659 847 arbitrium,
686 791 853 837 etiamsi
879 790 1051 836 nullum
1079 790 1192 838 ultra
1227 791 1430 838 auxilium

53 861 250 908 divinum
273 862 582 925 porrigeretur,
609 872 684 907 aut
703 871 817 906 certe
835 861 993 906 frustra
1012 860 1115 906 data
1137 861 1265 908 fuisse
1289 861 1435 908 crede—

52 941 191 988 retur,
215 931 332 978 dicta
355 943 418 977 est
447 942 489 977 et
513 949 643 977 causa
664 948 797 995 quare
819 932 873 976 sit
895 931 959 976 lex
987 930 1111 988 data,
1141 932 1245 995 quia
1263 941 1306 977 et
1331 932 1423 996 ipsa

53 1001 98 1047 in
115 1001 381 1062 adjutorium
404 1002 505 1047 data
527 1012 613 1055 est,
643 1002 716 1046 sed
738 1018 825 1046 non
850 1001 963 1046 sicut
984 1002 1133 1060 gratia.

119 1072 178 1118 ΙΙ.
206 1074 316 1119 Data
333 1083 394 1118 est
415 1072 549 1128 enim,
562 1073 675 1118 sicut
685 1076 777 1132 jam
796 1071 1112 1134 exposuimus2,
1135 1082 1177 1117 et
1192 1082 1335 1118 tenere
1351 1071 1427 1118 de-

52 1143 186 1200 betis,
213 1153 255 1189 et
276 1143 400 1189 vobis
419 1143 717 1188 vehementius
741 1154 784 1187 et
815 1142 1063 1202 diligentius
1093 1160 1170 1189 nos
1206 1160 1432 1189 commen-

53 1211 156 1257 dare
176 1212 411 1266 debemus3
441 1212 542 1257 data
572 1222 635 1258 est
673 1222 722 1261 ut
751 1213 964 1258 inveniret
998 1230 1039 1257 se
1077 1212 1211 1259 homo
1230 1251 1241 1269 ,
1274 1230 1364 1259 non
1384 1223 1434 1259 ut

53 1282 234 1328 morbus
260 1293 482 1328 sanaretur
511 1300 521 1327 ε
555 1282 629 1328 sed
667 1294 716 1328 ut
740 1283 1100 1346 praevaricatione
1128 1284 1284 1330 morbo
1312 1301 1432 1330 cres-

55 1362 177 1397 cente
196 1351 391 1398 medicus
411 1363 690 1415 quaereretur.
719 1353 776 1397 Et
798 1353 894 1415 quis
915 1363 977 1397 est
1003 1353 1081 1398 iste
1105 1353 1326 1407 medicus;
1352 1353 1436 1399 nisi

56 1421 131 1484 qui
154 1421 260 1467 dixit
279 1440 290 1466 :
315 1443 336 1463 α
355 1423 455 1467 Non
473 1433 535 1467 est
552 1440 663 1486 opus
678 1423 790 1468 sanis
808 1422 1003 1468 medicus
1018 1460 1029 1478 ,
1050 1423 1125 1469 sed
1141 1423 1253 1469 male
1266 1423 1434 1470 haben-

57 1512 78 1533 »
97 1491 276 1538 tibusssp
301 1513 322 1533 >³
356 1493 447 1549 Qui
477 1509 576 1552 ergo
608 1509 696 1538 non
727 1493 962 1538 confitetur
995 1493 1269 1551 Creatorem,
1306 1504 1435 1554 negat

56 1562 268 1626 superbus
286 1573 521 1609 auctorem.
550 1563 640 1619 Qui
659 1572 802 1607 autem
821 1573 948 1622 negat
969 1563 1272 1622 aegritudinem
1291 1580 1430 1620 suam,

55 1633 325 1696 superfluum
340 1633 514 1693 judicat
539 1633 818 1679 Salvatorem.
852 1634 966 1693 Ergo
984 1644 1026 1678 et
1049 1634 1095 1679 in
1113 1644 1268 1680 natura
1289 1645 1435 1680 nostra

58 1702 306 1749 Creatorem
324 1703 575 1757 laudemus;
605 1714 646 1749 et
671 1713 854 1768 propter
878 1704 1030 1749 vitium
1045 1741 1056 1760 ,
1085 1703 1204 1767 quod
1227 1704 1354 1749 nobis
1371 1705 1436 1750 in-

55 1772 265 1831 fliximus,
293 1774 560 1820 Salvatorem
585 1790 846 1837 quaeramus.
879 1775 936 1819 Et
957 1774 1177 1837 quomodo
1200 1774 1437 1837 quaerimus

58 1842 354 1889 salvatorem?
380 1844 437 1888 Ut
462 1844 536 1889 det
561 1843 726 1904 legem?
764 1843 927 1888 Parum
960 1854 1053 1887 est:
1089 1863 1108 1883 «
1131 1843 1177 1888 Si
1197 1844 1310 1888 enim
1335 1844 1439 1890 data

57 1922 202 1958 »esset
222 1913 287 1958 lex
308 1929 410 1976 quae
440 1923 586 1977 posset
615 1913 863 1969 vivificare,
906 1913 1084 1958 omnino
1123 1923 1232 1958 esset
1266 1930 1316 1958 ex
1344 1913 1437 1973 lege

58 2001 79 2022 »
91 1983 275 2040 justitia.
299 2004 320 2024 »
338 1983 384 2028 Si
407 2000 507 2042 ergo
524 2000 612 2029 non
632 1994 695 2028 est
712 1983 814 2028 data
830 1982 894 2028 lex
911 1999 1011 2046 quae
1030 1993 1175 2046 posset
1195 1983 1435 2039 vivificare,

58 2067 191 2114 quare
208 2053 311 2096 data
330 2055 421 2096 est?
444 2053 667 2114 Sequitur.
685 2061 727 2095 et
742 2053 931 2096 ostendit
952 2070 1086 2113 quare
1106 2054 1161 2098 sit
1177 2053 1280 2099 data
1299 2071 1312 2098 Δε
1335 2054 1440 2116 quia

0 2122 1 2169 J
58 2122 188 2166 etiam
209 2122 269 2167 sic
290 2122 337 2166 in
361 2120 629 2180 adjutorium
655 2120 758 2165 data
782 2131 868 2171 est,
895 2137 949 2165 ne
985 2130 1025 2164 te
1062 2137 1216 2165 sanum
1242 2132 1432 2184 putares,

0 2199 1 2209 ²
60 2211 81 2232 «
103 2191 150 2236 Si
171 2208 271 2251 ergo
300 2190 401 2236 data
431 2201 538 2235 esset
565 2190 656 2246 lex,
685 2206 784 2253 quae
810 2200 956 2253 posset
983 2190 1228 2247 vivificare,
1263 2192 1440 2237 omnino

62 2277 148 2306 »ex
172 2260 263 2320 lege
287 2270 394 2305 esset
410 2260 593 2319 justitia.
620 2281 640 2300 ³>
666 2261 721 2304 Et
743 2260 867 2323 quasi
889 2276 1180 2323 quaereremus
1204 2277 1215 2304 :
1246 2281 1266 2302 «
1295 2261 1441 2317 Quare

0 2367 1 2378 2
62 2347 201 2390 »ergo
225 2330 327 2375 data
346 2334 435 2376 est?
460 2330 547 2375 Sed
570 2329 809 2386 conclusit,
837 2331 1005 2393 inquit,
1041 2330 1270 2393 Scriptura
1293 2332 1442 2377 omnia

63 2421 84 2441 »
102 2400 184 2445 sub
207 2409 390 2463 peccato
406 2438 417 2455 ,
441 2410 491 2445 ut
506 2401 734 2464 promissio
759 2417 807 2446 ex
827 2400 913 2445 fide
937 2401 1040 2445 Jesu
1069 2399 1237 2446 Christ-i
1258 2400 1434 2447 daretur

64 2491 85 2512 »
104 2469 430 2518 credentibus-4.
455 2492 476 2513 »
517 2470 707 2528 Quando
750 2471 873 2517 audis
906 2471 1236 2536 promissorem,
1265 2482 1446 2536 expecta

113 2576 124 2599 ¹
145 2578 239 2608 Rom.
265 2588 319 2615 vu,
347 2577 401 2610 15.
425 2595 470 2600 —
487 2574 502 2598 2
519 2580 619 2619 Supra
648 2576 679 2608 in
706 2579 806 2609 Serm.
826 2578 903 2609 155,
921 2589 947 2609 e.
971 2584 1001 2615 4.
1027 2594 1073 2602 —-
1095 2574 1113 2600 ²
1129 2574 1249 2612 March.
1266 2589 1312 2616 tx,
1333 2588 1443 2614 12.—

65 2626 81 2653 4
100 2629 205 2663 Galat.
222 2640 277 2672 111,
299 2639 353 2668 21,
374 2640 427 2666 22,
446 2635 477 2661 et
492 2629 605 2662 Florus
622 2629 663 2662 ad
679 2630 827 2663 eumdem
846 2630 963 2663 locum.
