1866 3241
92 311 235 342 semro
271 309 438 350 chxn,
477 308 533 339 DE
569 307 730 339 VERBIS
766 306 917 338 Arosr.
969 308 983 337 1
1026 308 1177 338 THESS.
1218 308 1280 338 1v.
1371 293 1464 353 469

91 376 238 422 ficavit
269 375 448 421 occisus.
490 373 678 419 Dubitas
708 371 827 436 quod
853 372 979 418 dabit
1011 372 1095 418 tibi
1119 373 1236 418 bona
1263 389 1362 429 sua,
1388 373 1467 437 qui

91 463 178 493 non
203 446 457 506 dedignatus
494 456 555 490 est
590 445 802 509 suscipere
828 443 939 490 mala
971 447 1080 490 tua?
1106 445 1220 504 Ergo
1236 481 1247 500 ,
1282 444 1433 489 fratres
1449 481 1461 501 ,

93 539 112 558 «
138 516 333 562 Gaudete
352 516 397 561 in
419 516 605 561 Domino
620 553 631 572 ‚
655 536 675 556 n
697 532 785 560 non
809 514 854 560 in
877 514 1036 559 saeculo
1059 531 1069 558 ε
1094 513 1139 558 id
1170 523 1253 570 est,
1284 513 1466 573 gaudete

93 605 138 633 m
154 587 356 642 veritate,
379 603 467 632 non
485 587 530 631 in
548 585 776 649 iniquitate
801 602 811 629 ε
834 583 1016 644 gaudete
1038 584 1083 629 111
1099 599 1173 646 spe
1195 583 1463 637 aeternitatis,

93 674 180 703 non
214 657 259 702 in
284 657 388 702 flore
416 657 633 704 vanitatis.
673 657 739 701 Ita
764 655 947 716 gaudete
980 673 990 700 z
1029 665 1072 700 et
1100 654 1390 717 ubicumque,
1428 665 1471 700 et

93 726 475 791 quandiucumque
503 727 578 772 hic
605 726 794 783 fueritis,
822 748 843 768 «
864 726 1077 772 Dominus
1099 725 1146 771 in
1164 723 1361 788 proximo
1385 735 1464 779 est,

95 818 116 837 »
133 797 246 842 nihil
271 796 443 843 solliciti
460 796 640 843 fueritis.
661 819 681 838 >³

95 990 1461 1005 mmmmmm«mtfflmwtwmmmw-mmxswmssnmwu

540 1131 744 1176 SERMO
783 1131 991 1177 CLXXII
1011 1130 1044 1177 1.

97 1291 161 1337 De
184 1291 326 1337 verbis
349 1293 571 1357 Apostoli,
607 1312 642 1341 1.
669 1295 819 1341 Thess.
845 1311 904 1340 lv.
930 1295 1165 1340 Nolumus
1195 1303 1355 1338 autem
1384 1309 1469 1337 vos

162 1366 605 1425 lg·1207‘are,ft·atres,
631 1365 691 1410 de
713 1365 1069 1420 dormientibus,
1096 1376 1149 1409 uc
1162 1382 1256 1408 nou
1281 1367 1473 1408 (foturis-

163 1436 348 1489 temini,
371 1438 493 1478 sicut
514 1446 559 1479 ec
574 1437 829 1498 coetelz'qcu'
844 1452 978 1498 spem
1005 1452 1101 1480 non
1119 1435 1312 1479 habent.
1347 1434 1403 1477 Et
1419 1431 1473 1477 de

163 1502 370 1565 operibus
394 1503 700 1549 misericordiae
717 1542 728 1560 ,
757 1505 918 1567 quibus
942 1505 1103 1549 mortui
1121 1503 1398 1562 adjuvantur.

165 1661 199 1706 l.
240 1661 462 1708 Armosffs
486 1681 562 1710 nos
579 1665 731 1710 beatus
753 1661 984 1727 Apostolus
1000 1700 1010 1718 ,
1039 1683 1060 1703 «
1086 1663 1145 1706 Ut
1167 1661 1220 1707 de
1251 1661 1475 1706 dormien-

103 1751 124 1772 »
140 1729 276 1786 tibus,
294 1752 314 1772 »
332 1732 418 1777 hoc
434 1744 514 1789 est,
532 1735 712 1779 mortuis
732 1732 995 1779 charissimis
1009 1732 1181 1786 nostris,
1210 1753 1230 1772 c<
1251 1731 1348 1776 Non
1364 1748 1475 1775 con-

103 1822 124 1842 »
140 1800 357 1846 tristemur
376 1803 487 1847 sicut
512 1814 553 1848 et
570 1805 717 1849 caeteri
742 1804 819 1865 qui
840 1820 962 1866 spem
976 1820 1065 1847 non
1082 1802 1298 1856 habent2,
1315 1822 1336 1842 »
1356 1818 1476 1863 spem

103 1869 268 1915 scilicet
284 1872 606 1917 resurrectionis
621 1884 663 1918 et
675 1872 1013 1934 incorruptionis
1028 1882 1214 1916 aeternae.
1247 1872 1359 1914 Nam
1380 1869 1478 1914 ideo

104 1951 147 1984 et
167 1938 429 1985 dormientes
450 1958 520 1987 eos
541 1942 731 2005 appellat
749 1942 989 2004 Scripturae
1011 1940 1284 1986 veracissima
1301 1955 1480 1985 consue-

106 2009 212 2055 tudo
229 2045 241 2066 ,
263 2020 311 2055 ut
333 2028 435 2056 cum
457 2011 715 2057 dormientes
743 2012 945 2057 audimus
962 2047 974 2067 ,
1007 2010 1279 2070 evigilaturos
1305 2009 1480 2054 minime

108 2079 395 2142 desperemus,
421 2082 546 2127 Unde
562 2082 691 2127 etiam
708 2091 907 2126 cantatur
920 2081 966 2125 in
989 2079 1184 2132 Psalmo;
1212 2100 1232 2120 «
1254 2078 1483 2140 Numquid

108 2170 130 2190 >³
148 2150 224 2212 qui
259 2149 446 2207 dormit,
474 2169 561 2197 non
584 2151 760 2211 adjiciet
784 2162 832 2196 ut
864 2149 1108 2208 resurgat3')
1129 2170 1149 2190 >›
1187 2150 1263 2193 Est
1290 2165 1389 2206 ergo
1430 2147 1484 2192 de

110 2220 290 2265 mortuis
310 2221 368 2265 eis
388 2222 463 2283 qui
480 2222 692 2282 diligunt,
717 2221 921 2286 quaedam
941 2220 1112 2264 tristitia
1137 2218 1328 2280 quodam
1351 2216 1484 2262 modo

110 2289 333 2336 naturalis.
361 2291 544 2336 Mortem
563 2292 729 2355 quippe
746 2292 912 2345 horret,
929 2306 1018 2333 non
1033 2288 1199 2351 opinio,
1216 2288 1290 2332 sed
1308 2298 1477 2334 natura.

114 2360 203 2404 Nec
219 2376 334 2405 mors
352 2359 522 2406 homini
541 2361 775 2416 accideret,
795 2360 877 2406 nisi
894 2377 939 2404 ex
957 2375 1090 2422 poena
1108 2374 1239 2420 quam
1258 2374 1486 2420 praecesse-

113 2440 181 2474 rat
218 2429 365 2493 culpa.
393 2431 673 2493 Quapropter
697 2432 731 2476 si
758 2429 960 2476 animalia
984 2444 1082 2490 quae
1108 2428 1169 2472 ita
1193 2437 1335 2471 creata
1358 2436 1484 2482 sunt,

116 2510 166 2545 ut
187 2516 262 2546 suo
288 2516 474 2563 quaeque
494 2512 687 2564 tempore
705 2501 945 2546 moriantur
958 2536 970 2555 ,
991 2507 1174 2543 mortem
1191 2496 1392 2556 fugiunt,
1421 2495 1487 2541 di-

173 2604 284 2638 ¹Alias
302 2616 402 2644 xxxu,
417 2605 457 2637 de
473 2605 579 2637 verbis
597 2605 755 2649 Apostoli.
770 2621 809 2627 —-·
828 2603 843 2626 ²
866 2616 877 2635 1
902 2603 1013 2636 Thess.
1031 2613 1080 2643 xv,
1104 2612 1154 2633 12.
1172 2618 1217 2625 --
1234 2597 1249 2622 3
1266 2600 1346 2633 Psal.
1360 2611 1415 2640 xz,
1435 2610 1470 2639 9.
