1866 3241
184 322 325 353 stanno
362 319 532 359 cxxvn,
569 318 624 348 DE
660 317 818 348 vrnms
852 315 1016 347 EVANG.
1053 314 1189 347 JoAN.
1231 317 1273 347 v.
1368 298 1428 363 87

53 387 182 434 corde
198 405 285 433 non
303 384 518 451 percipit:
538 401 617 430 nec
627 384 665 430 ei
680 394 823 447 potest
835 381 1003 428 ostendi
1019 382 1065 427 in
1077 381 1281 445 praesenti
1293 419 1304 439 ‚
1321 381 1431 446 quid

53 458 143 522 ipse
169 458 240 504 cui
270 455 543 521 promittitur
576 455 630 500 sit
654 454 842 501 futurus.
875 453 990 510 Quia
1009 463 1051 497 et
1071 452 1212 498 infans
1236 463 1361 498 natus
1397 452 1432 498 si

52 538 196 593 posset
213 528 346 572 verba
362 525 577 588 loquentis
592 524 827 584 intelligere
843 561 853 579 ,
876 541 977 569 cum
997 523 1088 587 ipse
1101 522 1223 586 loqui
1233 540 1321 568 non
1331 540 1430 585 pos-

54 597 141 651 set,
168 614 247 642 nec
277 594 500 641 ambulare
515 633 526 651 ,
552 612 632 641 nec
651 594 819 658 aliquid
840 611 961 653 agere
976 631 986 650 ,
1010 594 1084 640 sed
1105 593 1217 639 sicut
1243 609 1342 638 eum
1361 592 1432 637 vi-

55 667 205 713 demus
221 666 442 711 infirmum
459 703 470 721 ,
491 669 707 725 jacentem
721 701 733 721 ‚
759 664 988 724 indignum
1009 664 1103 727 opis
1123 663 1274 709 alienae
1290 700 1300 719 ,
1327 673 1429 707 tan—

55 737 280 784 tummodo
318 736 552 797 intelligere
578 747 722 801 posset
751 751 850 782 eum
887 736 964 800 qui
992 736 1076 782 sibi
1097 735 1364 799 loqueretur,
1389 744 1432 779 et

0 835 1 838 ¹
55 809 216 855 diceret
234 807 272 853 ei
293 825 303 852 :
327 808 439 853 Ecce
456 808 568 853 sicut
589 807 710 854 vides
733 825 801 853 me
821 807 1137 863 ambulantem,
1158 816 1427 870 operantem,

53 880 319 943 loquentem,
343 889 442 942 post
464 896 628 942 paucos
652 896 786 925 annos
809 879 905 925 talis
930 879 1011 924 eris
1035 896 1045 923 ε
1075 876 1300 924 attendens
1327 893 1369 922 se
1390 886 1433 919 et

52 950 177 997 illum
189 987 199 1005 ‚
221 949 418 1014 quamvis
431 949 550 1012 quod
565 950 907 1013 promitteretur,
925 949 1117 1003 Videret3
1142 959 1287 994 tamen
1311 964 1433 992 suam

54 1020 326 1068 considerans
342 1019 640 1066 infirmitatem
652 1058 663 1077 ‚
690 1038 779 1067 non
796 1021 990 1067 crederet
1005 1058 1016 1077 ‚
1037 1030 1080 1066 et
1102 1019 1269 1065 videret
1288 1029 1433 1063 tamen

55 1089 173 1156 quod
196 1090 547 1155 promittebatur.
572 1091 709 1137 Nobis
731 1103 875 1138 autem
893 1103 1104 1155 tanquam
1121 1088 1361 1136 infantibus
1386 1088 1433 1133 in

54 1162 141 1208 hac
165 1178 292 1207 carne
321 1171 449 1224 atque
474 1161 727 1207 infirmitate
754 1163 1002 1222 jacentibus
1019 1199 1030 1218 ,
1065 1171 1107 1206 et
1137 1176 1345 1219 magnum
1370 1168 1433 1203 est

55 1230 175 1296 quod
193 1231 480 1294 promittitur,
507 1242 549 1276 et
578 1249 668 1278 non
691 1232 864 1279 videtur
889 1251 900 1278 :
929 1243 971 1278 et
994 1232 1173 1292 erigitur
1205 1229 1310 1276 fides
1342 1245 1431 1292 qua

55 1301 269 1348 credimus
298 1301 417 1365 quod
438 1319 526 1348 non
544 1302 766 1361 videmus,
801 1315 850 1350 ut
883 1320 1125 1350 mereamur
1144 1302 1289 1348 videre
1313 1298 1434 1363 quod

55 1372 285 1425 credimus.
311 1372 589 1436 Quicumque
613 1373 766 1420 irridet
783 1375 900 1421 hanc
927 1374 1085 1430 fidem,
1114 1383 1163 1419 ut
1180 1371 1278 1418 ideo
1305 1379 1434 1435 putet

56 1462 143 1490 non
163 1442 246 1488 sibi
268 1460 353 1488 csse
375 1443 641 1489 credendum
655 1482 666 1498 ,
694 1446 798 1507 quia
818 1462 906 1490 non
925 1445 1073 1496 videt3
1094 1442 1273 1506 quando
1296 1457 1432 1488 vene-

0 1515 2 1561 ζ
56 1514 113 1559 rit
130 1512 249 1576 quod
267 1530 354 1560 non
369 1512 596 1569 credebat,
613 1514 852 1568 erubescit3
870 1513 1075 1560 confusus
1098 1522 1338 1576 separatur,
1362 1528 1432 1556 se-

56 1593 232 1648 paratus
263 1579 509 1629 damnatur.
538 1583 625 1640 Qui
647 1594 791 1629 autem
821 1583 1080 1639 crediderit,
1106 1592 1351 1642 segregatur
1376 1580 1431 1626 ad

0 1678 2 1694 ι
57 1653 271 1699 dexteram
284 1690 294 1708 ,
314 1663 355 1697 et
375 1653 508 1699 stabit
530 1671 632 1700 cum
650 1672 806 1714 magna
830 1654 994 1700 fiducia
1015 1664 1058 1699 et
1078 1652 1232 1699 laetitia
1246 1652 1359 1698 inter
1374 1650 1433 1696 il-

56 1723 119 1769 los
136 1722 296 1787 quibus
311 1723 479 1769 dicetur
498 1741 508 1769 :
531 1745 551 1765 «
565 1724 716 1770 Venite
729 1762 739 1780 ‚
757 1724 979 1770 benedicti
998 1724 1140 1770 Patris
1153 1723 1262 1780 mei,
1284 1724 1434 1786 perci-

59 1816 79 1836 »
98 1794 189 1858 pite
210 1810 389 1854 regnum
409 1794 528 1857 quod
537 1795 662 1840 vobis
677 1805 880 1858 paratum
893 1805 956 1840 est
976 1795 1033 1840 ab
1047 1794 1209 1854 origine
1222 1793 1391 1839 mundi.
1414 1814 1436 1834 ³>

60 1864 283 1910 conclusit
302 1875 445 1910 autem
459 1865 672 1911 Dominus
686 1902 698 1921 ,
729 1882 829 1911 cum
850 1866 950 1912 haec
971 1866 1105 1912 verba
1125 1864 1288 1911 diceret
1302 1901 1313 1920 ,
1333 1864 1394 1909 sic
1421 1880 1432 1907 ε

60 1957 80 1977 «
101 1935 238 1980 Ibunt
250 1934 319 1979 isti
330 1935 375 1980 in
394 1935 711 1981 ambustionem
728 1946 951 1992 aeternam,
958 1935 1064 1995 justi
1082 1945 1224 1980 autem
1235 1934 1282 1979 in
1299 1933 1438 1980 vitam

0 2042 1 2047 ,
62 2026 82 2045 »
106 2004 353 2050 aeterna1n1.
378 2027 398 2046 >2
418 2005 527 2050 Haec
554 2015 616 2050 est
650 2005 738 2050 vita
757 2015 940 2061 aeterna,
967 2022 1068 2068 quae
1099 2003 1226 2050 nobis
1248 2003 1438 2067 promit-

0 2089 5 2124 ;
58 2075 178 2121 titur.

123 2146 183 2192 II.
226 2144 341 2200 Quia
377 2155 526 2189 amant
553 2145 754 2191 homines
790 2145 932 2191 vivere
965 2145 1011 2190 in
1042 2145 1128 2190 hac
1163 2156 1299 2200 terra,
1328 2160 1437 2206 pro-

0 2214 3 2264 ἶ
62 2216 185 2262 missa
220 2226 281 2260 est
312 2213 395 2260 illis
426 2214 538 2267 vita3
567 2226 609 2260 et
641 2216 746 2277 quia
778 2215 967 2261 multum
993 2215 1146 2259 timent
1169 2214 1304 2269 mori,
1331 2230 1441 2277 pro-

2 2288 6 2343 j.
62 2286 186 2331 missa
208 2297 270 2332 est
291 2285 374 2330 illis
398 2296 572 2332 aeterna.
595 2285 715 2342 Quid
745 2288 888 2332 amas?
909 2284 1078 2331 Vivere.
1107 2288 1203 2329 Hoc
1228 2284 1433 2329 habebis

63 2355 181 2418 Quid
205 2355 356 2400 times?
378 2354 506 2401 Mori.
538 2356 570 2399 N
579 2372 634 2400 on
656 2355 847 2418 patieris.
879 2355 976 2400 Hoc
999 2353 1194 2407 sufficere
1215 2353 1357 2403 visum
1377 2363 1445 2400 est

59 2425 264 2488 humanae.
287 2424 551 2479 infirmitati,
575 2436 623 2470 ut
647 2424 863 2471 diceretur
890 2443 900 2469 :
929 2424 1127 2470 Habebis
1149 2423 1286 2470 vitam
1310 2420 1433 2475 eeter-

6 2519 7 2522 ¹
63 2514 177 2543 nam.
208 2496 340 2562 Gapit
363 2496 450 2542 hoc
478 2512 597 2541 mens
619 2496 836 2551 humana,
861 2506 1100 2559 utcumque
1122 2512 1170 2541 ex
1190 2494 1279 2542 hoc
1305 2494 1426 2558 quod

27 2785 29 2802 ι

27 2816 30 2839 J

29 2934 32 2950 ι

29 2956 32 2986 ÷

31 3046 35 3225 ι

64 2567 172 2632 agit,
202 2567 320 2631 quod
338 2567 536 2614 futurum
556 2578 619 2615 est
640 2568 773 2632 capit.
806 2567 891 2613 Sed
913 2577 1128 2631 quantum
1144 2566 1265 2632 capit
1280 2577 1328 2619 ex
1346 2565 1435 2619 hoc

114 2662 124 2715 J
146 2660 264 2696 Manli.
283 2672 360 2698 xxv,
377 2663 419 2699 34
433 2668 465 2694 ει
481 2663 536 2699 46.
