1866 3241
408 282 496 338 134
810 299 843 331 s.
885 296 1126 332 mausum
1162 295 1364 331 Emscom

397 473 458 489 m
468 477 1576 490 mmsnmnmmwwmmmwwmmflwwzmw
1582 477 1762 490 mmm

841 601 1047 648 SERMO
1084 601 1296 647 CXXXII
1313 601 1346 648 1.

406 738 471 784 De
485 738 627 785 verbis
641 737 862 798 Evangelii
875 737 901 783 J
904 752 1001 785 oan.
1021 754 1086 793 VI,
1109 740 1234 785 Caro
1259 755 1366 798 mea
1382 755 1476 785 vere
1496 756 1604 785 esca
1619 734 1710 799 ests,
1732 749 1777 792 et

469 812 663 871 sanguis
687 826 819 854 meas
845 827 947 855 vere
956 820 1108 873 pocus
1126 820 1207 856 est.
1231 811 1603 870 Quimanducat
1619 827 1776 869 meam

474 896 680 927 carnem.
711 889 793 925 etc,

477 1032 512 1079 1.
548 1032 685 1078 S1cUT
709 1032 972 1088 audivimUS,
993 1048 1095 1078 cum
1115 1043 1311 1078 sanctum
1329 1032 1610 1093 Evangelium
1626 1031 1780 1093 legere-
1844 1027 1847 1067 ἓ

414 1115 486 1150 tur
501 1142 511 1161 ,
544 1105 757 1151 Dominus
781 1105 904 1151 Jesus
924 1098 1124 1151 Christus
1148 1105 1396 1151 exhortatus
1419 1115 1482 1151 est
1502 1104 1783 1168 promissione

414 1178 517 1225 vitae
547 1188 720 1224 aeternae
743 1178 799 1224 ad
823 1177 1179 1224 manducandum
1200 1194 1373 1223 carnem
1396 1192 1516 1222 suam
1550 1187 1593 1222 et
1622 1177 1785 1222 bihen-
1845 1195 1866 1239 {1

417 1248 523 1294 dum
545 1248 795 1308 sanguinem
816 1266 957 1295 suum.
1001 1247 1089 1304 Qui
1113 1247 1291 1295 audistis
1312 1247 1410 1293 haec
1427 1285 1438 1303 ,
1470 1247 1665 1293 nondum
1688 1264 1786 1292 om-
1846 1246 1849 1296 ἶ

418 1336 492 1364 nes
514 1318 788 1366 intellexistis.
825 1317 913 1374 Qui
935 1318 1049 1364 enim
1069 1318 1282 1381 baptizati
1307 1329 1349 1363 et
1371 1317 1516 1363 fideles
1538 1317 1654 1372 estis,
1681 1317 1785 1380 quid

419 1388 588 1445 dixerit,
617 1389 764 1435 nostis.
791 1387 880 1444 Qui
902 1399 1044 1433 autem
1063 1387 1176 1432 inter
1191 1404 1267 1434 vos
1287 1387 1434 1433 adhuc
1455 1386 1784 1443 (jatechumeni‚
1848 1396 1850 1398 ’

418 1458 485 1504 vel
506 1458 738 1503 Audientes
761 1469 990 1515 vocantur,
1013 1467 1250 1520 potuerunt
1268 1474 1353 1502 esse
1373 1473 1474 1502 cum
1489 1455 1700 1517 legeretur
1716 1473 1789 1502 au·
1850 1458 1851 1462 ’

420 1528 583 1574 dientes
600 1564 611 1583 ,
639 1526 854 1590 numquid
873 1538 915 1572 et
936 1526 1253 1587 intelligentes?
1278 1528 1391 1586 Ergo
1416 1543 1553 1572 sermo
1576 1537 1719 1572 noster
1736 1525 1791 1572 ad
1851 1557 1854 1574 2

422 1609 626 1661 utrosque
641 1597 855 1658 dirigitur.
882 1598 972 1654 Qui
981 1602 1075 1658 jam
1099 1597 1367 1643 manducant
1386 1613 1557 1642 carnem
1586 1596 1789 1652 Domini,

424 1675 466 1714 et
483 1668 647 1723 bibunt
671 1668 922 1728 sanguinem
941 1672 1055 1727 ejus,
1094 1668 1283 1727 cogitent
1306 1666 1413 1729 quid
1431 1666 1725 1721 manducent,
1753 1676 1795 1711 et

425 1736 532 1801 quid
564 1738 721 1783 bibant
749 1756 760 1782 ι
791 1754 844 1793 ne
860 1775 872 1794 ,
914 1738 1025 1783 sicut
1049 1737 1157 1782 dicit
1182 1736 1412 1800 Apostolus
1430 1773 1441 1792 ,
1472 1735 1690 1795 judicium
1712 1735 1795 1780 sihi

426 1807 691 1854 manducent
713 1819 756 1853 et
780 1800 980 1854 bibant2.
1013 1807 1102 1863 Qui
1124 1818 1266 1852 autem
1286 1806 1481 1852 nondum
1500 1805 1768 1863 manducant
1782 1842 1793 1861 ‚

427 1890 469 1924 et
486 1878 682 1923 nondum
699 1875 884 1935 bibunt,
907 1878 962 1923 ad
990 1877 1093 1923 tales
1115 1877 1264 1940 epulas
1284 1876 1455 1923 invitati
1475 1875 1687 1921 festinent.
1715 1875 1798 1920 Per

422 1951 524 1996 istos
556 1949 645 1994 dies
678 1947 871 2009 magistri
893 1959 1107 2012 pascunt,
1155 1947 1355 1992 Christus
1392 1945 1588 2009 quotidie
1624 1945 1794 2008 pascit,

427 2037 571 2066 mensa
599 2017 733 2082 ipsius
749 2028 810 2063 est
833 2018 964 2064 illain
982 2017 1124 2064 medio
1143 2017 1389 2063 constituta.
1413 2015 1534 2072 Quid
1551 2031 1693 2060 causae
1717 2024 1796 2070 est,

427 2108 452 2135 o
471 2088 706 2144 audientes,
729 2099 778 2134 ut
800 2105 991 2134 mensam
1014 2087 1218 2144 videatis,
1246 2097 1287 2132 et
1309 2086 1362 2132 ad
1392 2085 1540 2148 epulas
1563 2092 1650 2145 non
1673 2101 1799 2130 acce-

428 2159 572 2207 datis?
596 2160 652 2203 Et
673 2158 782 2204 forte
805 2158 936 2213 modo
962 2175 1063 2204 cum
1089 2156 1370 2216 Evangelium
1392 2155 1619 2214 legeretur,
1638 2153 1800 2199 dixistis
1839 2207 1842 2211 ⁸

429 2230 473 2276 in
494 2228 701 2275 cordibus
720 2229 870 2276 vestris
891 2246 901 2273 :
925 2230 1135 2273 Putamus
1153 2226 1260 2290 quid
1279 2225 1477 2289 estquod
1496 2224 1630 2270 dicit:
1648 2245 1668 2266 α
1688 2223 1801 2269 Caro
1834 2247 1841 2295 Ι,

424 2322 444 2342 >›
464 2319 558 2346 mea
579 2317 676 2345 vere
703 2316 797 2345 esca
824 2309 887 2345 est
904 2336 914 2355 ,
941 2309 983 2344 et
1005 2298 1176 2358 sanguis
1206 2314 1326 2343 meus
1352 2313 1450 2343 vere
1478 2306 1608 2358 potus
1631 2293 1761 2340 esst?
1782 2314 1803 2334 »

433 2370 666 2427 Quomodo
697 2369 989 2428 manducatur
1015 2385 1117 2427 caro
1148 2367 1350 2424 Domini,
1377 2377 1419 2411 et
1445 2365 1616 2411 bibitur
1638 2363 1806 2423 sang-uis
1834 2401 1838 2455 Ι

435 2432 643 2485 Domini?
671 2434 882 2485 Putamus
906 2436 1013 2502 quid
1034 2437 1174 2484 dicit?
1191 2437 1300 2495 Quis
1318 2446 1466 2482 contra
1486 2445 1527 2480 te
1552 2433 1707 2480 clausit
1725 2469 1736 2488 ‚
1759 2438 1808 2479 ut
1834 2456 1838 2499 Ι

428 2511 514 2556 hoc
538 2510 728 2556 nescias?
745 2510 945 2556 Velatum
964 2519 1054 2554 est:
1072 2508 1146 2555 sed
1171 2509 1207 2554 si
1227 2507 1431 2566 volueris,
1449 2505 1530 2552 erit
1546 2503 1798 2563 revelatum.
1840 2537 1842 2541 ψ

478 2609 488 2632 ¹
510 2609 597 2641 Alias
612 2620 701 2648 xxm,
714 2608 754 2641 de
772 2608 878 2641 verbis
894 2607 1036 2642 Domini.
1052 2624 1098 2632 —-
1112 2606 1128 2630 ²
1148 2620 1163 2639 ι,
1185 2609 1261 2640 Cor.
1274 2619 1323 2647 xx,
1342 2618 1399 2648 ²9·
1413 2622 1458 2630 —
1479 2603 1495 2628 ³
1512 2607 1610 2637 Joan.
1627 2614 1677 2648 vr,
1699 2602 1753 2633 ἥδ.
1835 2580 1841 2648 ἶ

1858 762 1866 805 l

1859 847 1866 874 r

1861 919 1866 946 (
