1866 3241
185 325 327 355 SERMO
365 322 505 363 CXXVI,
545 323 602 351 DE
636 320 791 351 VERBIS
827 320 990 352 EVANG.
1031 320 1160 353 JOAN.
1196 323 1238 354 V.
1349 304 1409 371 75

37 400 99 435 est
124 388 389 449 intelligendi
414 386 690 441 :intellectus
719 397 859 433 autem
883 385 1084 436 meritum
1108 386 1223 434 fidei.
1255 388 1412 453 Aperte

0 502 1 505 ,
37 459 122 505 hoc
171 459 387 522 Propheta
426 458 534 503 dicit
572 457 775 503 omnibus
817 473 1095 520 praepropere
1132 466 1173 501 et
1211 473 1410 520 praepos-

0 570 1 573 ,
41 539 122 574 tere
160 528 484 589 intelligentiam
525 527 867 591 requirentibus,
910 537 952 571 et
991 525 1123 572 fidem
1152 526 1411 586 negligenti-

0 633 1 642 ,
37 599 133 646 bus.
176 601 247 646 Ait
283 600 397 645 enim
426 617 435 643 ε
466 619 486 639 «
517 599 608 657 Nisi
638 597 930 645 credideritis.
957 613 1045 641 non
1081 595 1366 656 intelligetis1.
1391 619 1410 636 υ

0 674 1 713 ἒ
38 670 182 715 Habet
204 688 303 730 ergo
320 680 361 714 et
386 669 492 715 fides
508 669 603 733 ipsa
624 667 845 732 quoddam
869 667 1016 712 lumen
1039 683 1165 712 suum
1191 667 1236 713 in
1255 666 1411 729 Scrip-

38 740 143 784 turis
158 779 168 793 ,
192 742 235 797 iu
270 740 501 804 prophetia
516 778 527 796 ‚
551 740 597 785 in
626 737 877 798 Evangelio,
901 738 945 783 in
971 735 1232 800 Apostolicis
1254 735 1411 782 lectio-

38 810 178 857 nibus.
212 811 372 856 Omnia
397 811 510 855 enim
529 810 608 855 ista
632 825 731 872 quae
748 808 874 854 nobis
893 807 947 853 ad
966 818 1138 869 tempus
1153 805 1408 860 recitantur,

38 879 226 926 lucer‘ne
261 892 361 926 sunt
382 881 427 926 in
454 881 641 926 obscuro
667 879 787 935 loco,
823 889 871 924 ut
904 877 1149 923 nutriamur
1188 875 1242 922 ad
1276 874 1406 922 diem.

0 950 156 1008 Dicit
183 950 399 1019 apostolus
420 953 611 996 Petrus:
646 973 665 992 «
688 950 913 996 Habemus
932 948 1158 999 certiorem
1175 946 1413 1011 propheti-

41 1041 61 1061 »
86 1039 186 1075 (um
219 1039 482 1074 sermonem
516 1022 585 1067 eui
615 1020 868 1067 benefacitis
901 1018 1171 1068 intendentes
1205 1028 1414 1081 tanquam

38 1112 60 1132 ›>
83 1091 203 1137 lucei
207 1109 272 1137 we
298 1092 341 1137 in
367 1093 554 1138 obscuro
576 1092 696 1149 loco,
720 1092 860 1138 donec
885 1091 975 1150 dies
994 1090 1206 1146 lucescat,
1230 1099 1271 1134 et
1299 1085 1415 1134 luci—

40 1181 60 1201 »
85 1161 148 1207 fer
171 1163 336 1210 oriatur
357 1162 404 1208 in
422 1162 629 1209 cordibus
650 1162 841 1208 vestris‘2.
874 1184 893 1203 >³

107 1232 161 1278 ll.
204 1232 366 1278 Videtis
382 1250 481 1293 ergo
494 1270 504 1287 ‚
523 1231 696 1283 fratres,
717 1243 932 1296 quantuni
952 1231 1037 1277 sint
1053 1228 1244 1295 perversi
1256 1238 1299 1275 et
1312 1244 1414 1296 pro-

38 1301 231 1364 perando
262 1302 428 1359 vitiosi‚
457 1303 533 1366 qui
562 1314 772 1366 tanquam
798 1301 1020 1348 immaturi
1053 1310 1293 1364 conceptus
1317 1308 1416 1344 ante

39 1381 181 1416 ortum
208 1383 411 1434 quaerunt
434 1373 661 1427 abortum3
697 1373 774 1436 qui
807 1373 933 1418 nobis
967 1372 1158 1422 dicunt:
1192 1368 1313 1427 Quid
1348 1386 1417 1413 me

35 1440 161 1500 jubes
179 1441 349 1487 credere
363 1442 482 1505 quod
502 1460 589 1488 non
600 1443 754 1488 video.3
771 1442 950 1487 Videam
972 1439 1138 1504 aliquid
1156 1451 1204 1485 ut
1219 1439 1410 1487 credam.

40 1511 174 1556 Jubes
198 1512 368 1557 credere
382 1550 393 1569 ‚
413 1513 520 1558 dum
539 1530 628 1558 non
646 1511 819 1558 videam
843 1530 853 1556 t
882 1529 958 1571 ego
977 1510 1125 1558 videre
1146 1509 1245 1564 Volo
1259 1547 1270 1566 ‚
1293 1519 1335 1555 et
1353 1510 1418 1555 vi-

40 1581 181 1627 dendo
217 1582 413 1639 credere,
442 1601 531 1629 non
568 1582 798 1629 audiendo.
832 1582 960 1627 Dicat
998 1580 1256 1646 Propheta.
1284 1600 1304 1620 α
1326 1579 1417 1624 Nisi

41 1672 62 1692 >›
89 1652 375 1709 credidelitis
398 1672 487 1700 non
504 1654 762 1714 intelligetis.
789 1676 808 1695 »
829 1652 1067 1699 Ascendere
1088 1652 1174 1707 vis,
1199 1662 1242 1697 et
1260 1650 1419 1719 gradus

41 1722 317 1770 obfixisceris.
343 1725 503 1789 Utique
533 1742 742 1789 perverse.
772 1724 810 1768 O
832 1722 988 1769 homo!
1019 1722 1054 1768 si
1083 1726 1175 1781 jam
1200 1721 1283 1770 tibi
1310 1738 1417 1785 pos-

42 1810 126 1837 sem
144 1793 364 1839 ostendere
389 1795 508 1857 quod
529 1795 716 1845 videres
738 1811 825 1839 non
842 1794 1042 1838 hortarer
1066 1802 1116 1838 ut
1139 1791 1346 1846 crederes

107 1864 188 1910 ΙΙΙ,
233 1865 345 1925 Ergo
364 1865 470 1910 fides
492 1876 576 1922 est,
604 1848 716 1910 sicut
740 1864 844 1910 alibi
865 1863 1096 1909 definitum
1121 1873 1207 1919 est,
1234 1879 1418 1926 sperau-

12 1960 14 1963 ·
40 1934 150 1978 tium
169 1935 433 1993 substantia,
454 1936 670 1981 convictio
693 1952 838 1981 rerum
853 1972 863 1991 ‚
890 1951 990 1998 quae
1009 1950 1096 1978 non
1121 1932 1366 1987 videntur-³.
1399 1954 1419 1973 »

45 2003 89 2048 Si
108 2022 194 2050 non
207 2005 426 2059 videntur,
443 2006 663 2069 quomodo
684 2005 1008 2052 convincuntur
1025 2003 1129 2067 quia
1148 2005 1278 2055 sunt?
1295 2002 1422 2053 Unde,

44 2075 158 2120 enim
184 2086 283 2120 sunt
306 2075 385 2121 ista
409 2093 509 2139 quae
540 2076 688 2125 vides
716 2076 797 2121 nisi
829 2093 875 2120 ex
905 2074 978 2120 illo
1006 2073 1126 2138 quod
1151 2090 1241 2124 non
1268 2072 1411 2125 vides.
1402 2076 1420 2103 )

42 2144 202 2207 Utique
226 2144 346 2190 vides
373 2145 564 2208 aliquid,
599 2157 648 2190 ut
673 2128 821 2191 credas
849 2143 1041 2220 aliquid
1077 2153 1120 2189 et
1152 2160 1201 2189 ex
1228 2159 1278 2195 eo
1302 2142 1422 2208 quod

43 2213 185 2269 tides,
210 2214 358 2260 credas
383 2215 500 2278 quod
533 2232 620 2260 non
646 2214 780 2260 xicles.
817 2215 880 2258 be
904 2214 958 2258 sis
995 2214 1188 2272 ingratus
1205 2212 1244 2257 ei
1264 2212 1344 2275 qui
1385 2222 1422 2262 te

43 2283 143 2328 ficit
160 2284 326 2334 videre.
355 2285 470 2330 unde.
490 2286 626 2349 possis
646 2304 668 2329 ‹
667 2285 817 2331 ledere
838 2283 957 2348 quod
984 2283 1182 2330 nondum
1204 2292 1327 2346 potes
1350 2284 1422 2329 vi,—

46 2353 156 2401 dere.
174 2355 303 2407 Dedit
320 2357 402 2408 tibi
414 2357 529 2401 Deus
544 2357 692 2402 oeulos
707 2357 753 2402 in
769 2373 968 2419 corpore,
986 2354 1196 2404 rationem
1216 2352 1260 2399 in
1270 2353 1419 2407 corde;

46 2424 178 2470 excita
196 2430 404 2482 rationem
422 2426 581 2482 cordis,
608 2427 719 2487 erige
735 2427 980 2482 interiorem
997 2424 1292 2486 habitatorem
1309 2423 1424 2477 iule-

45 2493 204 2550 riorum
222 2496 448 2549 oculorum
472 2508 647 2542 tuorum
660 2535 670 2550 ,
700 2507 888 2543 assumat
906 2495 1111 2542 fenestras
1130 2510 1251 2553 suas,
1274 2491 1417 2558 inspi—

13 2562 18 2647 ⁴
45 2564 129 2610 ciat
147 2577 386 2614 creaturam
400 2569 494 2615 Dei.
523 2569 599 2614 Est
626 2569 739 2614 enim
766 2567 920 2634 aliquis
935 2567 1052 2633 intus
1070 2564 1147 2633 qui
1168 2556 1249 2633 per
1267 2560 1415 2631 φᾳῇξοε

15 2649 18 2711 Ι
97 2650 106 2673 ¹
127 2653 200 2685 Isa'i.
218 2665 275 2693 vu,
292 2668 382 2698 9.-
398 2654 413 2678 ²
435 2668 448 2687 1
465 2660 550 2689 Petr.
573 2668 597 2695 1,
623 2668 674 2698 19.
687 2674 733 2680 —-
749 2653 764 2678 3
783 2637 885 2688 Hebr.
902 2666 951 2697 ξι,
974 2666 1003 2695 ξ.
1178 2638 1182 2641 Δ
1212 2634 1215 2637 -

16 2808 19 2825 i

18 2948 20 2987 Ι

18 2991 21 3025 Ι
