1866 3241
713 336 1490 405 1N1mx.57‘5

108 415 222 449 Suum
256 424 374 449 chvn.
402 417 451 449 De
466 416 572 450 verbis
586 410 748 460 Apostoli,
764 411 879 460 Ephes.
897 425 928 450 v.
952 431 965 447 ι
988 418 1106 452 Videte
1120 421 1282 463 quomodo
1296 426 1389 454 caute

431 470 444 498 ι’
466 465 649 509 ambuletis,
669 472 733 501 non
751 475 786 502 ut
804 470 883 503 insit
889 468 1004 510 tentes,
1022 472 1075 504 sed
1094 478 1127 505 ut
1142 474 1316 516 sapientes,
1339 484 1388 507 re-

427 534 440 550 ο
463 520 621 553 dimentes
642 527 779 563 tempus,
798 522 950 564 quoniam
967 522 1034 554 dies
1051 523 1125 555 mali
1143 530 1226 557 sunt.
1245 538 1262 555 »
1428 526 1491 565 425

247 575 386 614 ὸικνιιι.
408 582 458 614 De
470 580 576 613 verbis
590 574 750 623 Apostoli,
764 575 886 623 Ephes.
906 592 950 613 vi.
974 596 986 610 ι
1001 581 1067 614 Pax
1087 578 1252 622 fratribus,
1269 589 1300 616 et
1314 584 1384 617 cha-

433 648 446 663 n
469 634 547 666 ritas
558 645 630 666 cum
650 633 721 666 fide.
738 648 750 662 ι
775 634 851 666 Sive
874 633 913 666 de
929 630 1118 675 gratianei.
1133 637 1304 668 secundum
1318 637 1381 669 Va-

432 686 475 718 sis
488 686 653 718 electionis
663 685 897 718 confession-*m
911 689 1008 729 atque
1021 686 1214 728 doctrinam,
1229 688 1382 731 quoniam

429 737 509 770 fides
522 737 750 770 misericordiae
770 737 828 770 Dei
844 737 966 770 donum
980 744 1039 771 est.
1076 766 1078 768 ,
1422 740 1487 779 428

272 807 379 830 cmxix.
403 797 453 828 De
478 797 583 829 verbis
612 798 770 839 Apostoli.
798 794 919 838 Philip.
947 808 994 829 ivi.
1034 812 1046 826 ι
1069 798 1134 829 Nos
1157 798 1242 830 enim
1270 808 1378 830 sumus

427 863 443 880 ι
464 849 676 887 circumcisio,
695 848 749 892 qui
775 849 901 892 spiritui
925 849 986 882 Dei
1002 850 1170 890 servimus,
1186 855 1248 883 etc.
1266 864 1278 880 ι
1298 849 1380 882 Con-

415 905 473 945 ⁴tra
493 900 693 941 Pelagianos,
1422 900 1485 938 435

276 972 364 992 chx.
395 962 442 993 De
458 961 568 993 iisdem
585 961 690 993 verbis
705 961 866 1003 Apostoli.
893 962 1011 1004 Philip.
1035 973 1087 994 ιιι.
1112 962 1377 1003 secundumjus-

422 1029 435 1043 ι
460 1015 565 1047 titiam
597 1025 734 1058 quae-ex
765 1017 831 1057 lege
861 1022 908 1048 est
927 1039 936 1056 ,
977 1015 1032 1058 dui
1063 1016 1177 1048 fuerim
1206 1017 1274 1048 sine
1303 1027 1376 1059 que-

421 1081 434 1096 »
460 1068 536 1107 rela,
559 1073 622 1100 etc.
641 1082 653 1096 n
680 1069 792 1111 Deque
820 1068 926 1099 verbis
955 1068 1071 1099 Psalmi
1096 1078 1186 1101 cxiii.
1211 1082 1223 1096 α
1251 1069 1376 1100 Exaudi

422 1134 434 1147 ι
457 1131 505 1151 me
532 1120 562 1151 in
589 1126 641 1152 tua
666 1120 801 1162 justitia,
819 1127 881 1152 etc.
900 1134 914 1149 »
935 1122 980 1152 Ac.
999 1127 1159 1161 postremo
1183 1121 1375 1154 delectione

421 1172 586 1213 Evangelii
605 1172 703 1204 Joan.
732 1183 776 1204 vi.
797 1185 813 1201 «e
833 1173 986 1204 Voluntas
1005 1173 1109 1204 Patris
1125 1179 1185 1211 est,
1209 1178 1244 1206 ut
1268 1174 1375 1206 omnia

420 1236 436 1252 »
455 1234 527 1266 quae
544 1224 633 1256 dedit
652 1224 747 1263 mihi,
763 1234 826 1254 non
849 1231 991 1265 pereant.
1013 1230 1075 1255 etc.
1095 1237 1108 1253 ι
1129 1262 1134 1270 .
1289 1267 1291 1269 ι
1323 1267 1326 1274 A
1416 1226 1481 1265 454

252 1293 358 1316 cun.
386 1284 434 1315 De
465 1283 568 1315 verbis
597 1284 757 1325 Apostoli,
784 1283 904 1326 Philip.
931 1294 958 1315 v.
985 1283 1157 1316 -caudete
1180 1284 1212 1316 in
1232 1284 1374 1318 Domino

420 1347 432 1362 ο
455 1345 592 1376 semper,
609 1340 671 1366 etc.
693 1348 706 1362 υ
1414 1335 1480 1374 464

237 1406 352 1426 enim.
381 1396 429 1426 De
447 1395 554 1426 xerbis
572 1394 727 1436 Apostoli,
754 1405 762 1425 ι
785 1394 896 1426 Thess.
917 1406 957 1426 iv.
986 1409 998 1422 α
1014 1394 1169 1427 Nolumus
1198 1401 1304 1428 autem
1320 1406 1375 1427 vos

418 1462 430 1474 n
455 1447 617 1486 ignorare,
636 1446 764 1484 fratres,
785 1446 823 1477 de
838 1447 1085 1484 dormientibus,
1105 1453 1137 1479 ut
1156 1458 1219 1478 non
1235 1447 1373 1479 contris·

421 1513 432 1527 ι
456 1498 577 1533 temini,
591 1499 671 1530 sicut
685 1504 715 1530 et
728 1499 834 1530 caeteri
850 1499 902 1540 qui
917 1508 1003 1540 spem
1019 1510 1081 1530 non
1097 1499 1225 1531 habent.
1243 1513 1259 1528 »
1275 1499 1317 1530 Et
1332 1500 1372 1531 de

415 1550 565 1591 operibus
580 1549 822 1587 misericordiae‚
842 1551 956 1592 quibus
974 1550 1091 1582 mortui
1111 1549 1322 1591 adjuvantur.
1410 1549 1477 1593 469

220 1620 354 1642 cnuti.
382 1611 431 1642 De
452 1610 561 1642 iisdem
578 1610 684 1642 verbis
702 1610 860 1652 Apostoli.
879 1621 888 1641 ι
909 1612 1022 1642 Thess.
1042 1621 1083 1642 iv.
1408 1614 1472 1652 472

220 1682 348 1703 ccxxiv.
374 1671 422 1702 De
450 1670 558 1702 verbis
585 1671 670 1718 Apo
674 1670 748 1704 toli.
783 1681 794 1701 ι
824 1670 910 1702 Tim.
934 1683 957 1701 1.
996 1685 1008 1700 σ
1031 1671 1195 1702 Humanus
1210 1682 1315 1703 sermo
1334 1677 1367 1703 et

413 1737 426 1750 n
448 1723 533 1754 omni
553 1710 741 1763 acceptione
762 1713 886 1763 dignus,
905 1717 978 1764 quia
995 1722 1088 1753 Chri
1081 1728 1144 1754 tus
1162 1723 1256 1754 Jesus
1277 1723 1367 1755 venit

414 1788 427 1802 0
449 1774 479 1805 in
505 1773 657 1805 mundum
676 1779 860 1815 peccatores
886 1775 987 1804 sat-os
1015 1773 1132 1810 tacere,
1146 1780 1208 1805 etc.
1229 1787 1244 1803 »
1263 1774 1366 1816 dcque

410 1826 548 1857 lectione
570 1825 732 1866 Evangelii
751 1825 817 1856 Luc
847 1836 913 1863 xix,
933 1825 985 1856 ubi
1001 1824 1040 1856 de
1057 1826 1220 1856 zacchaeo.
1236 1825 1361 1857 Contra

414 1877 612 1919 Pelagianos.
1407 1877 1471 1920 475

233 1948 345 1970 cmxv.
373 1938 420 1969 De
437 1938 547 1969 iisdem
564 1937 668 1969 verbi<
689 1936 844 1979 Apostoli,
868 1946 878 1967 ι
894 1936 985 1967 Tim.
1002 1945 1029 1968 ι.
1052 1949 1064 1964 ι
1081 1934 1199 1967 Fidelis
1215 1945 1320 1967 sermo
1334 1940 1366 1968 et

414 2003 427 2017 n
447 1989 533 2020 omni
555 1988 739 2031 acceptione
755 1988 881 2029 dignus,
899 1992 957 2019 etc.
974 2001 986 2015 n
1409 1986 1474 2026 484,

221 2060 346 2082 cmxxvi.
371 2050 421 2081 De
450 2050 552 2082 tribus
572 2048 767 2080 lectionibus
799 2047 959 2089 Apostoli.
983 2058 993 2078 1
1019 2047 1106 2079 Tim.
1136 2056 1166 2078 1.
1200 2061 1213 2075 α
1241 2046 1364 2078 Fidelis

413 2115 427 2130 ι
449 2111 553 2132 sermo
570 2106 600 2132 ct
618 2100 703 2131 omni
722 2099 906 2141 acceptioue
923 2098 1048 2139 dignus,
1061 2104 1128 2131 etc.
1147 2111 1163 2127 »
1180 2098 1260 2130 Psal.
1275 2108 1358 2129 xciv.

418 2168 430 2182 ι
447 2153 563 2184 Venite
585 2151 773 2186 adoremus.
803 2156 833 2182 et
869 2155 1109 2192 prosternamur
1134 2150 1181 2187 ei,
1208 2155 1272 2181 etc.
1290 2163 1302 2177 ι
1330 2158 1366 2180 ac

410 2204 588 2246 Evangelii,
603 2203 680 2235 Luc.
701 2213 778 2238 xvii,
795 2201 848 2232 ubi
867 2201 906 2233 de
922 2201 1031 2233 decem
1046 2200 1178 2243 leprosis
1193 2211 1210 2232 a
1224 2200 1364 2232 Domino

413 2255 586 2287 mundatis.
602 2255 724 2286 Contra
741 2254 943 2294 Pelagianos.
1404 2251 1468 2294 49²

208 2327 347 2348 cmxxvii.
372 2316 421 2348 De
438 2315 543 2347 vei-bis
559 2314 734 2356 Apostolis‚
756 2324 766 2346 ι
787 2313 875 2345 Tim.
895 2324 938 2344 vi.
970 2327 983 2341 α
999 2312 1089 2344 Nihil
1114 2312 1145 2343 in
1174 2310 1259 2342 hunc
1276 2322 1362 2342 mun-

406 2380 420 2396 ·
441 2367 514 2398 dum
545 2366 711 2398 intulimus
727 2387 737 2404 ,
769 2365 825 2396 sed
858 2374 917 2396 nec
946 2363 1072 2395 auferre
1107 2362 1227 2405 aliquid
1258 2372 1365 2405 possu-

409 2432 422 2447 ι
444 2428 524 2454 mus,
542 2423 606 2449 etc.
621 2431 634 2445 ι
1402 2414 1466 2456 498

195 2489 348 2510 ειιωινιιι.
377 2479 426 2510 De
455 2477 561 2510 verbis
592 2476 749 2517 Apostoli.
774 2477 840 2509 Tit.
873 2487 899 2508 1.
922 2489 936 2504 ι
952 2475 997 2507 Ut
1014 2480 1128 2518 potens
1148 2474 1188 2506 sit
1201 2474 1366 2506 exhortari

416 2543 429 2558 n
453 2530 483 2560 in
499 2528 644 2560 doctrina
668 2538 742 2558 sana
759 2533 790 2559 et
804 2527 1063 2559 contradicentes
1079 2536 1227 2568 arguere.
1241 2538 1254 2554 ι
1274 2525 1361 2558 Con·

409 2586 457 2613 tra
473 2589 580 2612 rerum
595 2579 772 2610 alienarum
789 2585 947 2621 raptores.
1405 2578 1469 2609 510

218 2651 345 2675 cmxix.
369 2640 419 2674 De
435 2639 542 2674 verbis
560 2639 719 2683 Apostoli,
736 2638 850 2671 Jacobi
870 2649 899 2674 ι.
921 2651 936 2669 ι
951 2638 1001 2673 Sit
1017 2643 1130 2672 autem
1144 2637 1362 2682 uuusquisque
