1866 3241
1824 0 1827 46 i
1838 0 1854 32 v

1825 250 1827 266 ‹

1825 270 1827 293 l

475 309 565 357 252
895 328 930 359 s.
973 326 1214 359 mensum
1251 327 1454 359 Emscorl
1657 347 1661 352 .
1826 314 1827 365 ἶ

474 411 494 431 »
509 400 552 435 et
576 406 654 451 ego
671 391 873 438 omnibus
889 392 1125 456 peremnia
1143 390 1308 455 placen.
1331 414 1352 435 »
1370 393 1425 438 Et
1444 392 1523 438 ista
1541 392 1689 439 similis
1701 380 1827 457 quaes³
1864 432 1866 442 ;

477 462 536 507 tio
552 472 626 509 est.
656 461 741 508 Sed
761 461 869 525 quid
892 462 1120 522 adjungit?
1140 483 1160 503 α
1180 462 1277 507 Non
1294 479 1491 525 quaerens
1504 501 1515 519 ,
1536 464 1697 527 inquit,
1722 412 1828 529 quoti

474 531 626 577 »mihi
651 531 854 596 prodest,
886 532 958 577 sed
983 531 1102 594 quod
1124 531 1270 576 multis
1287 569 1298 587 ,
1323 542 1372 577 ut
1397 532 1502 578 salvi
1528 532 1676 580 fiant1.
1700 555 1720 575 ›>
1746 534 1824 582 Hm

472 611 552 658 est,
568 601 687 666 quod
709 602 783 647 illo
800 602 896 648 loco
918 601 1003 646 ait:
1022 622 1042 642 «
1058 602 1113 646 Et
1130 601 1177 646 in
1199 618 1265 646 me
1284 601 1622 662 magnificabant
1637 603 1797 650 Deum:
1815 626 1823 647 2

476 673 595 736 quod
618 673 747 719 etiam
775 672 989 718 Dominus
1016 672 1148 718 dicit:
1176 672 1274 718 «Ut
1295 671 1534 732 glorificent
1558 677 1824 722 Patremvoe-

472 752 657 799 »trum
687 742 764 805 qui
786 743 833 788 in
858 742 979 788 coelis
1001 752 1123 788 est.»
1155 743 1190 787 Γ
1197 759 1280 787 unc
1310 742 1425 788 enim
1448 742 1554 788 salvi
1585 742 1718 799 fiunt,
1741 759 1824 790 eun

471 812 518 859 in
537 780 742 876 opeiibus
774 829 874 876 quae
897 812 989 858 fieri
1017 829 1097 875 per
1122 812 1318 858 homines
1343 812 1519 870 vident,
1551 829 1649 858 eum
1677 780 1825 873 glorifi-

472 893 595 939 cant,
623 901 647 929 a
665 900 751 946 quo
774 882 872 929 haec
894 882 1091 928 homines
1111 893 1386 946 acceperunt.
1826 892 1829 937 ξ

539 951 634 1000 XV.
663 953 843 998 Restant
868 952 967 998 duae
983 953 1278 1015 quaestiones:
1304 953 1376 999 sed
1393 969 1541 998 vereor
1560 969 1613 998 ne
1629 952 1749 998 oneli
1765 942 1829 1025 sin}

467 1026 560 1082 jam
582 1022 928 1078 fastidientibus,
954 1023 1059 1068 item
1090 1023 1220 1068 timeo
1250 1041 1303 1068 ne
1333 1023 1531 1069 fraudem
1564 1023 1710 1069 adhuc
1744 1038 1825 1070 esu·

473 1093 641 1140 rientes.
673 1094 852 1140 Memini
885 1105 1028 1140 tamen
1053 1095 1161 1157 quid
1193 1094 1423 1144 solve1=.im
1450 1105 1491 1139 et
1513 1094 1621 1158 quid
1644 1094 1820 1140 debeam

474 1163 623 1208 Restat
643 1163 757 1208 enim
777 1164 937 1220 videre,
967 1163 1073 1226 quid
1099 1164 1177 1221 sit,
1201 1187 1221 1207 «
1244 1165 1415 1210 Nesciat
1445 1165 1614 1209 sinistra
1646 1174 1720 1209 tua
1739 1163 1830 1226 quie

476 1254 496 1274 ιι
520 1232 651 1278 faeiat
689 1233 858 1280 dextera
887 1245 958 1280 tua
977 1234 995 1262 2
1020 1252 1030 1279 :
1062 1255 1083 1275 ³>
1109 1244 1151 1279 et
1174 1234 1228 1280 de
1253 1234 1480 1280 dilectione
1511 1234 1676 1279 inimici
1699 1233 1736 1290 3,
1770 1212 1830 1289 cul

478 1303 665 1367 antiquis
700 1304 932 1351 videbatur
966 1305 1068 1351 data
1101 1303 1274 1350 licentia
1315 1315 1363 1350 ut
1401 1303 1590 1349 odissent
1624 1294 1829 1349 inimicos

479 1389 666 1436 quorum
707 1375 834 1420 nobis
869 1376 1108 1438 imperatur
1145 1375 1332 1422 dileetio.
1374 1374 1458 1420 Sed
1499 1374 1607 1437 quid
1637 1373 1777 1420 facio?
1801 1372 1826 1419 S

475 1444 666 1490 breviter
685 1444 738 1490 de
760 1445 828 1490 his
845 1444 1066 1502 disseram,
1098 1446 1285 1491 fortassis
1307 1463 1395 1490 non
1430 1445 1490 1490 ita
1515 1455 1563 1490 ut
1584 1454 1755 1507 oportet
1775 1443 1830 1496 ini

475 1514 666 1574 telligar:
685 1516 718 1561 si
743 1515 923 1572 diutius,
947 1517 1077 1562 timeo
1105 1534 1157 1561 ne
1189 1516 1286 1578 plus
1317 1532 1488 1575 gravem
1512 1531 1588 1560 vos
1609 1531 1734 1559 onere
1757 1529 1825 1559 ser·

475 1585 614 1630 monis
633 1623 643 1642 ,
677 1602 810 1649 quam
835 1585 982 1631 fructu
1005 1585 1278 1648 expositionis
1298 1584 1534 1630 sublevem.
1573 1582 1657 1629 Sed
1679 1593 1790 1629 certe
1811 1589 1829 1628 s

477 1655 620 1701 minus
642 1672 774 1718 quam
799 1656 899 1701 satis
919 1666 997 1712 est,
1017 1654 1304 1700 intellexeritis
1322 1674 1333 1708 ;
1361 1654 1507 1700 adhuc
1525 1671 1592 1699 me
1612 1663 1750 1699 tenete
1769 1651 1830 1718 de·L

479 1725 682 1781 bitorem,
709 1735 757 1770 ut
781 1724 864 1770 alio
889 1736 1081 1788 tempore
1100 1725 1179 1770 ista
1198 1724 1366 1787 plenius
1385 1724 1660 1770 disserantur.
1685 1724 1826 1768 Tame}

476 1812 595 1841 nunc
611 1812 698 1840 non
712 1806 883 1858 oportet
897 1813 947 1840 ea
965 1796 1024 1840 sic
1043 1794 1248 1857 relinqui,
1268 1805 1315 1839 ut
1331 1794 1507 1839 omnino
1523 1793 1636 1839 nihil
1657 1791 1757 1838 inde
1775 1790 1829 1837 cli-¹

479 1876 616 1913 catur.
662 1865 843 1910 Sinistra
872 1876 935 1910 est
957 1865 1087 1910 animi
1112 1863 1331 1927 cupiditas
1357 1863 1538 1908 carnalis
1555 1900 1566 1918 ,
1594 1862 1764 1908 dextera
1787 1877 1826 1907 es

482 1935 613 1982 animi
638 1935 827 1981 charitas
852 1935 1068 1998 spiritalis.
1098 1934 1144 1980 Si
1169 1951 1267 1993 ergo
1290 1951 1391 1979 eum
1413 1933 1594 1996 quisque
1615 1932 1722 1978 facit
1739 1931 1826 1977 elee-

479 2004 1173 2069 mosynam,miscetcupiditatem
1186 2002 1818 2066 temporaliumcommodorum

480 2086 529 2121 ut
558 2076 604 2121 in
638 2091 766 2138 opere
791 2074 866 2120 illo
895 2074 1059 2137 aliquid
1093 2073 1173 2119 tale
1199 2074 1458 2136 conquirat3
1489 2073 1638 2118 miscet
1670 2072 1830 2117 sinistra.

480 2145 787 2192 conscientiam
805 2145 1009 2209 operibus
1037 2144 1233 2190 dexterae.
1265 2144 1311 2189 Si
1325 2154 1465 2189 autem
1488 2142 1676 2205 simplici
1699 2141 1826 2188 chari·

479 2227 567 2262 tate
589 2227 632 2261 et
645 2232 757 2279 pura
776 2232 922 2261 coram
935 2216 1024 2260 Deo
1047 2214 1308 2260 conscientia
1322 2213 1488 2259 homini
1509 2212 1726 2269 subvenit,
1740 2206 1830 2280 nihl

481 2286 600 2333 aliud
624 2287 818 2341 intuens,
852 2285 934 2331 nisi
960 2295 1007 2330 ut
1029 2283 1091 2329 illi
1121 2283 1285 2347 placeat
1308 2283 1386 2347 qui
1418 2283 1517 2328 haee
1543 2282 1689 2342 jubet,
1716 2280 1830 2327 nesci*

481 2357 650 2402 sinistra
670 2354 777 2419 quid
803 2355 907 2400 facit
923 2354 1105 2401 dextera.
1828 2349 1829 2366 ³

548 2427 667 2472 XVI.
697 2425 761 2470 De
772 2424 999 2470 dilectione
1017 2435 1160 2469 autem
1177 2424 1342 2469 inimici
1355 2419 1825 2484 difficiliorestquaestio

479 2511 558 2541 nec
578 2513 626 2541 ea
647 2496 861 2541 brevitate
881 2494 987 2541 solvi
1014 2505 1168 2557 potest.
1197 2493 1283 2539 Sed
1303 2510 1402 2538 cum
1425 2492 1600 2543 auditis,
1624 2502 1742 2536 orate
1767 2505 1830 2557 pre?

481 2565 607 2611 nobis
632 2583 643 2610 ι
665 2576 706 2610 et
729 2564 837 2612 forte
861 2565 1071 2610 Dominus
1096 2565 1209 2609 Deus
1227 2564 1313 2609 cito
1336 2562 1478 2619 dabit,
1505 2560 1623 2625 quod
1648 2571 1829 2628 putamu1

1828 2632 1829 2648 η

533 2652 541 2674 ¹
566 2654 669 2686 [Ωον.
687 2663 718 2695 x,
742 2655 796 2687 33.
812 2670 857 2676 ——
873 2652 887 2674 2
913 2652 1030 2685 Maith.
1057 2663 1099 2690 vi,
1127 2653 1157 2684 ’3,
1191 2669 1235 2674 —
1258 2648 1460 2688 31;{.v‚.‘.'..
