1866 3241
366 300 458 346 232
777 312 809 343 s,
854 311 1090 342 Aeccs'sim
1127 312 1325 343 Et‘lscorl

367 376 511 425 dendo
539 374 592 420 de
618 374 854 439 Scripturis
887 377 1001 421 Deus
1032 377 1114 422 tibi
1149 377 1269 422 dedit
1292 376 1549 422 charitatem
1561 413 1577 431 ‚.
1608 392 1736 434 mag—

366 464 472 493 num
493 446 685 502 bonum,
720 445 976 491 charitatem
1015 446 1158 491 omnia
1190 456 1476 509 superantem.
1510 447 1625 490 Deus
1655 444 1736 490 tibi

368 516 489 562 dedit
511 534 521 561 ε
544 516 646 578 quia
670 515 859 560 charitas
875 516 955 560 Dei
973 515 1129 560 diffusa
1150 526 1211 560 est
1232 516 1276 560 in
1295 516 1502 561 cordibus
1522 513 1735 565 nostris13

367 586 477 630 forte
501 603 523 629 a
556 588 623 630 to?
656 585 790 637 absit3
819 601 896 646 per
926 584 1138 646 Spiritum
1173 594 1388 632 sanctum.
1416 585 1489 647 qui
1527 584 1651 629 datus
1675 593 1741 628 est

370 655 510 700 nobis.
816 696 827 706 ,

433 724 485 771 V.
517 723 672 768 Redite
690 740 860 768 meeum
891 722 945 768 ad
976 724 1199 786 captivum
1229 723 1380 779 illum,
1415 723 1550 768 redite
1571 738 1742 767 mecum

372 794 423 839 ad
445 794 783 857 propositionem
807 810 960 840 meam.
994 797 1078 838 Lex
1097 804 1225 838 terret
1250 793 1302 838 de
1326 810 1367 838 se
1384 802 1737 857 praesumentem,

372 867 507 922 gratia
531 863 707 922 adjuvat
726 863 770 907 in
790 863 928 907 Deum
951 873 1209 926 sperantem.
1236 862 1345 908 Vide
1363 863 1478 907 enim
1497 861 1622 907 illum
1642 877 1744 924 cap-

372 934 524 979 tivum.
554 932 682 978 Videt
707 933 835 978 aliam
861 933 997 992 legem
1025 933 1070 977 in
1093 932 1300 978 membris
1325 933 1409 978 suis
1433 941 1746 996 repugnantem

372 1002 455 1062 legi
480 1003 634 1047 mentis
662 1013 808 1047 5116661
828 1002 1050 1066 captivum
1073 1020 1113 1047 se
1132 1003 1358 1047 ducentem
1384 1002 1429 1048 in
1447 1002 1537 1061 lege
1558 1000 1744 1065 peccati,

375 1089 474 1135 quae
494 1082 555 1116 est
578 1071 623 1116 in
648 1072 853 1117 membris
872 1076 960 1132 ejus
981 1073 1013 1119 2.
1044 1074 1156 1117 Eece
1179 1073 1386 1127 vincitur,
1414 1089 1513 1117 6666
1540 1070 1745 1125 trahitur,

373 1158 472 1187 6666
494 1142 757 1205 captivatur,
783 1159 879 1186 eece
902 1142 1173 1201 subjugatur.
1194 1142 1312 1198 Quid
1334 1142 1372 1187 ei
1391 1141 1582 1205 profuit,
1602 1161 1624 1181 «
1651 1140 1750 1184 Non

377 1233 397 1252 2>
415 1212 696 1274 concupisces
712 1216 729 1257 9
747 1212 980 1268 »Audiviu
1007 1234 1026 1253 ‹<
1052 1212 1149 1257 Pion
1173 1213 1474 1276 coneiipisceS,
1503 1232 1523 1252 ›>
1543 1221 1592 1256 ut
1613 1219 1753 1255 nosset

376 1282 563 1338 hostem,
590 1298 675 1326 non
702 1293 749 1326 ut
775 1283 978 1328 vinceret.
1011 1282 1420 1345 Concupiscentiam
1440 1281 1578 1337 enim,
1598 1280 1643 1325 id
1671 1290 1748 1333 est,

378 1350 548 1396 110516111
566 1367 710 1407 suuni,
746 1352 981 1406 nesciebat,
1005 1352 1086 1396 nisi
1110 1351 1173 1396 lex
1202 1351 1383 1406 diceret,
1412 1372 1432 1392 «
1466 1352 1563 1395 Non
1594 1365 1753 1395 concu-

383 1442 404 1462 »
425 1422 576 1484 pisces
605 1441 626 1461 »
650 1425 744 1466 Jam
773 1420 918 1466 vidisti
949 1420 1136 1477 hostem,
1167 1438 1332 1484 pugna,
1364 1420 1502 1465 libera
1532 1430 1590 1475 16,
1621 1434 1754 1463 assere

379 1490 765 1551 16111111161111161112
788 1500 1012 1552 prematur
1033 1490 1231 1548 jucunda
1264 1490 1492 1548 suggestio,
1518 1488 1756 1550 perimatur

381 1560 533 1606 illicita
556 1559 800 1604 delectatio.
826 1559 1020 1614 Armare,
1047 1558 1183 1602 habes
1200 1558 1353 1617 legem,
1374 1557 1580 1621 procede,
1604 1557 1750 1612 vince,

381 1630 416 1675 si
446 1640 581 1693 potes.
614 1629 732 1684 Quid
759 1629 872 1673 enim
896 1639 956 1673 651
988 1627 1106 1690 quod
1131 1645 1176 1672 ex
1201 1628 1469 1690 aliquantula
1498 1631 1588 1686 jam
1620 1627 1756 1686 gratia

382 1699 462 1744 Dei
493 1698 802 1744 condelectaris
835 1697 917 1757 legi
943 1698 1022 1742 Dei
1057 1697 1294 1743 secundum
1331 1697 1577 1743 interiorem
1608 1696 1757 1742 homi-

382 1773 511 1815 nem?
544 1768 618 1814 sed
642 1768 760 1813 vides
784 1768 911 1813 aliam
938 1768 1073 1828 legem
1106 1768 1149 1812 in
1174 1768 1379 1813 membris
1404 1768 1487 1812 tuis
1516 1784 1758 1830 repugnan-

384 1851 471 1884 tem
492 1838 573 1897 legi
588 1837 743 1883 mentis
764 1848 848 1882 tuae
869 1855 879 1882 ε
902 1854 990 1882 non
1006 1848 1317 1900 repugnantem
1336 1847 1377 1881 et
1396 1836 1507 1882 nihil
1523 1836 1755 1891 valentem,

385 1908 459 1954 sed
485 1908 707 1970 captivum
732 1917 772 1951 te
798 1906 1026 1952 ducentem
1048 1906 1093 1950 in
1110 1907 1199 1966 lege
1223 1906 1406 1969 peccati.
1440 1906 1552 1951 Ecce
1572 1905 1687 1951 unde
1708 1905 1759 1949 11-

386 1977 519 2022 menti
544 1977 623 2021 tibi
643 1975 926 2020 absconditur
947 1975 1184 2020 multitudo
1212 1975 1285 2020 illa
1316 1973 1556 2020 dulcedinis
1574 1974 1591 2003 3
1620 1992 1630 2019 z
1657 1974 1760 2019 abs-

385 2046 588 2092 conditur
615 2045 802 2100 timenti‚
831 2044 1049 2106 quomodo
1092 2044 1317 2107 perficitur
1354 2043 1571 2107 speranti?
1611 2043 1761 2089 Clama

387 2118 468 2162 sul)
494 2116 636 2168 hoste,
665 2115 767 2177 quia
793 2115 929 2160 habes
959 2125 1301 2178 oppugnatorem
1319 2152 1329 2165 ,
1358 2114 1495 2159 habes
1518 2125 1559 2159 et
1584 2113 1761 2173 adjuto-

387 2204 475 2232 rem
514 2186 589 2249 qui
623 2196 663 2230 te
697 2195 893 2247 expectat
920 2195 1185 2248 pugnantem
1204 2221 1215 2239 ‚
1244 2183 1443 2229 sublevat
1466 2183 1759 2236 laborante1n3

388 2257 461 2303 sed
485 2256 519 2302 si
544 2255 736 2301 inveniat
758 2265 998 2318 sperantem
1025 2272 1035 2299 :
1056 2254 1147 2299 odit
1167 2253 1279 2298 enim
1304 2253 1639 2315 superbientem.
1667 2252 1761 2298 Sub

386 2326 509 2372 hoste
531 2342 630 2385 ergo
653 2324 760 2386 quid
785 2323 968 2368 clamas?
993 2344 1013 2363 «
1037 2323 1167 2367 Miser
1198 2339 1274 2382 ego
1302 2322 1435 2367 homo
1460 2321 1492 2367 4.
1525 2343 1543 2363 ›>
1573 2322 1672 2366 Jam
1694 2321 1761 2367 vi-

388 2395 513 2450 detis,
538 2393 744 2457 quoniam
764 2392 994 2438 clamastis.
1027 2392 1092 2436 Sit
1119 2392 1195 2437 iste
1216 2391 1380 2436 elamor
1402 2402 1554 2445 vester,
1582 2390 1762 2453 quando

389 2464 497 2510 sorte
530 2463 610 2508 sub
636 2462 759 2507 hoste
794 2461 998 2507 laboratis
1022 2497 1032 2515 ‚
1069 2460 1228 2517 dicite,
1254 2461 1298 2505 in
1332 2460 1491 2504 intimis
1513 2459 1766 2523 praecordiis

444 2562 559 2593 ,lRonL
578 2571 607 2599 v,
627 2561 658 2593 5.
684 2577 729 2583 —-
745 2558 760 2580 2
784 2558 833 2599 ld.
853 2570 908 2601 vn,
936 2559 991 2589 23.
1015 2575 1061 2581 -—
1081 2555 1096 2581 3
1130 2558 1208 2590 Psal.
1235 2568 1300 2591 xxx
1315 2583 1325 2600 ‚
1355 2568 1408 2590 αι).
1423 2574 1468 2581 -
1483 2554 1497 2579 ⁴
1514 2560 1608 2591 Rom.
1629 2567 1683 2595 vn,
1708 2563 1747 2597 24

1824 92 1829 303 ἱ
