1866 3241
1231 304 1244 321 Q

280 374 423 408 srnMo
458 372 677 418 ctxxxnr,
716 371 772 406 na
807 369 946 406 Episn
996 371 1010 406 1
1057 374 1187 406 σοΑΝ.
1230 372 1291 406 1v.
1398 357 1484 406 561

115 463 136 485 ι)
156 459 199 489 se
223 460 361 500 nosse,
388 441 513 490 factis
537 453 679 489 antem
698 439 900 502 negantl.
924 462 946 484 ³>
974 441 1095 499 Quid
1118 451 1198 500 est,
1224 459 1377 504 negare
1395 441 1494 490 fac-

118 514 194 559 tis'.)
225 513 487 577 Superbire,
513 523 553 559 et
576 512 812 559 schismata
845 511 1009 565 facere;
1037 513 1191 559 nonin
1208 518 1301 560 Deo
1319 551 1330 570 ‚
1358 513 1431 559 sed
1447 514 1495 560 in

113 584 290 630 homine
319 584 506 645 gloriari.
544 585 610 630 Ita
639 583 765 629 factis
786 593 970 643 negatur
1007 583 1211 630 Christus
1240 602 1250 629 :
1279 585 1493 631 unitatem

113 655 279 719 quippe
301 666 417 701 amat
443 655 657 701 Christus.
690 654 915 699 Postremo
940 670 1039 700 ecce
1073 654 1294 718 quomodo
1334 666 1377 702 et
1407 655 1492 719 ipsi

116 725 343 771 Christum
360 736 534 785 negant,
564 735 613 770 ut
640 724 829 788 apertius
848 723 1094 788 loquamur.
1136 725 1225 770 Nos
1255 742 1354 771 eum
1377 725 1494 772 dici-

119 811 216 840 mus
243 795 487 851 Christum,
515 794 567 840 de
591 811 678 858 quo
703 794 763 840 ait
786 798 972 841 Joannes
1002 794 1200 858 Baptista
1223 811 1235 840 2
1259 815 1280 836 «
1302 794 1391 851 Qui
1413 794 1498 839 ha-

121 887 141 907 »
164 865 239 911 bet
255 883 475 930 sponsam,
490 883 672 930 sponsus
688 876 751 911 est
769 865 803 912 ².
827 886 847 907 ›>
866 866 1036 911 Bonum
1051 865 1321 925 conjugium,
1341 875 1501 910 sanctae

118 936 300 1000 nuptiae.
339 937 532 1000 Sponsus
560 936 788 993 Christus,
824 953 980 1000 sponsa
1005 935 1211 983 Ecclesia.
1243 936 1312 982 Ab
1342 952 1500 999 sponso

117 1008 415 1067 cognoscimus
447 1025 665 1071 sponsam.
698 1008 828 1053 Dicat
853 1007 981 1053 nobis
1010 1007 1103 1071 ipse
1135 1024 1342 1071 sponsus,
1368 1023 1503 1070 quam

112 1077 250 1123 habet
269 1095 472 1142 sponsam
499 1096 509 1123 ε
540 1078 684 1135 dicat,
711 1095 765 1124 ne
795 1077 987 1124 fortassis
1013 1095 1202 1124 erremus
1218 1116 1229 1134 ‚
1264 1088 1306 1123 et
1330 1077 1502 1124 invitati

114 1147 169 1192 ad
188 1148 364 1211 nuptias
388 1159 536 1194 sancta
558 1159 656 1196 vota
679 1148 906 1194 turbemus
930 1166 940 1194 ι
966 1148 1102 1205 dicat,
1129 1148 1328 1195 ostendat
1351 1147 1500 1212 primo

112 1234 153 1262 se
178 1219 322 1281 ipsum
350 1236 572 1282 sponsum.

176 1289 253 1335 XI.
277 1289 380 1335 Post
392 1290 745 1335 resurrectionem
766 1290 823 1335 ait
847 1289 1086 1352 Discipulis
1107 1289 1192 1336 suis
1210 1307 1220 1335 ε
1237 1311 1258 1332 «
1276 1291 1375 1335 Non
1389 1289 1492 1335 scie-

112 1380 133 1400 »
150 1359 264 1406 batis
280 1361 382 1424 quia
409 1361 642 1424 oportebat
666 1361 841 1424 impleri
860 1361 1004 1406 omnia
1027 1378 1127 1425 quae
1147 1361 1310 1425 scripta
1331 1371 1432 1406 sunt
1452 1361 1498 1406 in

112 1452 132 1471 »
150 1430 241 1491 lege
263 1431 409 1494 Moysi
431 1443 472 1476 et
496 1432 730 1495 Prophetis
750 1442 791 1477 et
809 1431 990 1477 Psalmis
1004 1431 1058 1477 de
1082 1435 1177 1478 me?
1193 1433 1337 1487 Tunc,
1356 1432 1498 1478 Evan-

110 1522 131 1541 ›>
154 1501 300 1559 gelista
331 1502 526 1564 sequitur
545 1512 587 1547 et
610 1501 718 1547 dicit
740 1520 749 1546 :
780 1503 905 1548 Tunc
930 1503 1100 1565 aperuit
1121 1502 1206 1548 illis
1233 1519 1428 1558 sensum,
1451 1512 1498 1547 ut

110 1571 434 1631 »intelligerent
460 1572 709 1635 Scripturas
729 1610 740 1628 ‚
768 1583 810 1618 et
835 1572 941 1618 dixit
964 1573 1024 1618 eis
1051 1591 1060 1618 :
1089 1573 1208 1630 Quia
1233 1573 1292 1619 sie
1317 1583 1498 1636 oporte-

107 1662 128 1682 »
150 1641 228 1686 bat
251 1641 478 1688 Christum
494 1642 606 1705 pati,
630 1652 672 1686 et
693 1659 911 1702 resurgere
931 1659 954 1687 a
975 1643 1159 1688 mortuis
1182 1643 1312 1688 tertio
1340 1642 1408 1688 die
1423 1643 1455 1690 3.
1477 1665 1498 1685 »

106 1712 220 1757 Ecce
243 1729 441 1776 sponsus,
460 1729 588 1775 quem
607 1712 823 1758 confessus
840 1723 902 1758 est
926 1714 1098 1770 Petrus,
1125 1713 1211 1759 hoc
1235 1724 1314 1770 est,
1339 1713 1497 1759 Filium

105 1782 185 1827 Dei
215 1782 323 1838 vivi,
348 1783 581 1846 oportebat
605 1793 654 1827 ut
669 1793 909 1845 pateretur,
936 1794 979 1828 et
995 1783 1121 1829 tertio
1144 1783 1214 1829 die
1238 1795 1490 1843 resurgeret.

105 1851 162 1895 Et
183 1851 349 1897 factum
372 1862 463 1897 erat
491 1870 502 1896 :
529 1851 758 1914 impletum
801 1852 1011 1897 videbant
1029 1890 1040 1909 ,
1084 1863 1220 1915 caput
1257 1853 1491 1911 tenebant,

103 1937 261 1985 corpus
278 1922 550 1985 quaerebant.
583 1921 714 1978 Quod
734 1933 797 1967 est
816 1926 985 1986 caput?
1005 1923 1104 1986 Ipse
1125 1922 1326 1969 Christus
1348 1941 1358 1968 τ
1385 1940 1494 1986 pas-

102 2008 172 2037 sus
195 2003 272 2049 est,
298 1992 424 2038 tertio
447 1992 516 2038 die
540 1993 770 2038 resurrexit
791 2011 801 2038 :
829 2004 964 2057 caput
981 2004 1042 2039 est
1062 1993 1281 2040 Ecclesiae.
1313 1993 1488 2057 Corpus

102 2062 223 2125 quod
239 2066 333 2110 est'?
369 2063 472 2127 Ipsa
493 2063 701 2111 Ecclesia.
734 2064 957 2109 Videbant
978 2081 1078 2125 ergo
1097 2064 1313 2128 Discipuli
1333 2077 1485 2129 caput,

101 2149 259 2196 corpus
281 2150 370 2178 non
390 2132 612 2180 videbant.
641 2134 755 2193 Ergo
781 2151 850 2180 eos
873 2151 1032 2198 corpus
1056 2151 1145 2180 non
1168 2134 1379 2190 videntes,
1399 2135 1484 2181 do-

100 2213 194 2248 ceat
213 2214 359 2266 caput.
386 2203 485 2260 Dic,
512 2204 698 2250 Domine
716 2205 742 2248 J
746 2221 836 2261 esu,
858 2204 947 2262 dic,
968 2216 1112 2251 sancte
1130 2222 1300 2269 sponse,
1318 2206 1482 2253 instrue

99 2290 176 2319 nos
201 2273 254 2319 de
277 2291 458 2338 corpore
482 2285 574 2331 tuo,
598 2274 651 2320 de
668 2293 824 2339 sponsa
844 2287 933 2333 tua,
960 2276 1014 2322 de
1032 2276 1190 2322 dilecta
1213 2287 1305 2333 tua,
1327 2276 1380 2322 de
1400 2294 1481 2324 co-

97 2342 250 2389 lumba
275 2354 368 2400 tua,
389 2361 522 2408 quam
538 2344 697 2391 dotasti
719 2347 924 2407 sanguine
942 2358 1037 2404 tuo,
1059 2346 1131 2393 dic
1154 2365 1164 2392 ε
1189 2368 1210 2389 c<
1232 2348 1480 2411 Oportebat

98 2434 120 2454 ›>
145 2413 371 2460 Christum
394 2416 506 2478 pati,
530 2426 572 2461 et
594 2432 811 2477 resurgere
833 2436 854 2464 a
872 2417 1055 2464 mortuis
1070 2418 1198 2464 tertio
1218 2418 1300 2465 die.
1326 2440 1348 2460 >³
1364 2423 1478 2465 Eece

98 2500 312 2547 sponsus:
339 2484 411 2531 dic
447 2485 500 2531 de
537 2503 718 2551 sponsa,
750 2489 885 2553 imple
918 2489 1090 2535 tabulas
1117 2489 1468 2538 matrimoniales,

12 2589 28 2603 ,.
98 2553 259 2600 Audite
298 2572 501 2620 sponsam
527 2575 537 2602 ε
570 2577 590 2600 <‹
611 2558 667 2604 Et
699 2559 960 2622 praedicari,
994 2559 1152 2624 inquit.
1181 2581 1202 2602 »
1229 2559 1327 2607 Hoc
1356 2559 1474 2606 enim

95 2624 302 2688 sequitur.
331 2647 352 2668 α
371 2626 618 2691 Oportebat
640 2628 866 2676 Christum
882 2630 993 2696 pati,
1016 2641 1058 2676 et
1069 2647 1286 2692 resurgere
1301 2648 1325 2678 a
1349 2646 1472 2677 mor-

142 2711 154 2736 1
177 2711 242 2744 Tit.
261 2723 287 2755 1,
308 2715 363 2757 15,
385 2716 435 2749 16.
452 2714 524 2739 -2
542 2717 637 2750 Joan.
661 2728 718 2761 nt,
735 2728 790 2759 29,
807 2735 851 2744 —-
868 2716 970 2753 3Lue.
989 2729 1081 2755 xxiv,
1104 2720 1145 2756 46
1170 2719 1222 2756 ’.8.

225 2779 374 2816 cxxvn
1288 2770 1349 2814 :30
