1866 3241
199 340 342 370 senno
378 337 495 379 cxxx,
533 337 589 368 niz
623 336 776 368 vnaius
810 334 972 367 EVANG,
1012 334 1141 366 som.
1179 336 1219 367 v.
1312 314 1398 368 123

67 403 109 450 ui
143 404 256 449 Deus
290 413 353 448 est
393 403 467 448 fiat
499 402 657 457 homo,
686 412 758 447 aut
792 400 866 463 qui
901 399 1035 446 homo
1074 410 1136 444 θεῖ
1163 401 1239 445 fiat
1270 400 1403 448 homo

39 474 146 519 Dei?
189 473 295 536 quid
335 484 397 518 est
436 472 702 527 mirabilius,
743 471 849 534 quid
888 481 949 515 est
990 469 1236 515 difficilius?
1280 470 1400 526 Quid

34 544 158 590 nobis
193 544 388 607 promisit
425 543 653 588 Christus?
682 542 810 598 Quod
842 541 1036 587 nondum
1056 539 1283 585 videmus:
1311 540 1397 587 hoc

33 625 114 664 est.
154 625 203 667 ut
235 614 367 659 simus
406 613 602 659 homines
632 613 787 677 ipsius„
830 623 870 655 et
902 628 1126 671 regnemus
1156 628 1256 656 cum
1290 610 1391 667 illo’‚

32 693 73 729 et
95 701 181 729 non
212 685 446 730 moriamur
466 684 512 729 in
546 694 765 729 aeternum.
810 682 945 737 Quasi
980 681 1065 727 hoc
1098 680 1273 726 difficile
1296 697 1395 726 cre—

32 754 174 809 ditur,
211 765 260 799 ut
300 755 433 800 homo
475 765 601 800 natus
636 752 854 817 perveniat
893 751 947 796 ad
988 769 1083 796 eam
1118 751 1276 807 vitam,
1318 750 1397 796 ubi

32 841 255 888 nunquam
276 826 498 871 moriatur.
531 825 626 871 Hoc
656 835 714 869 θεῖ
741 823 858 886 quod
885 839 1057 867 excusso
1093 822 1222 867 corde
1246 820 1393 866 credi-

30 911 152 949 mu8‚
195 912 366 941 excusso
403 895 502 941 dico
545 914 567 941 a
602 895 750 940 mundi
787 893 989 957 pulvere,
1034 910 1085 937 ne
1123 893 1215 956 ipse
1250 891 1396 955 pulvis

29 963 203 1011 claudat
226 965 352 1011 nobis
381 965 527 1011 oculos
555 966 665 1011 fidei.
698 964 793 1009 Hoc
824 974 885 1008 cst
919 963 1037 1026 quod
1067 962 1278 1022 jubemur
1297 978 1394 1006 cre-

29 1034 149 1091 dere,
179 1036 280 1098 quia
316 1052 417 1081 cum
446 1036 607 1081 mortui
631 1035 856 1083 fuerimus„
894 1034 1023 1078 etiam
1059 1049 1160 1078 cum
1191 1032 1394 1095 corpori-

27 1104 108 1150 bus
142 1106 322 1151 mortuis
353 1106 399 1151 in
437 1106 526 1152 vita
556 1106 732 1158 erimus,
771 1105 849 1149 ubi
881 1121 1105 1167 nunquam
1137 1102 1389 1149 moriamur.

26 1175 227 1221 Mirabile
253 1176 339 1222 hoc
360 1187 421 1221 est
441 1193 451 1220 :
477 1176 549 1221 sed
568 1175 804 1221 mirabilius
824 1186 885 1220 est
902 1175 1022 1239 quod
1044 1174 1147 1220 fecit
1171 1173 1388 1219 Christus.

11 1245 145 1301 ¹Quid
168 1256 230 1290 θεῖ
257 1246 371 1291 enim
394 1246 706 1301 incredibilius,
735 1257 783 1291 ut
804 1246 923 1291 vivat
952 1262 1119 1308 semper
1139 1245 1290 1298 homo,
1319 1252 1398 1288 aut

26 1326 73 1360 ut
109 1315 343 1380 aliquando
377 1318 586 1362 moriatur
618 1318 754 1362 Deus?
792 1317 1004 1378 Accipere
1028 1315 1225 1360 homines
1256 1314 1392 1358 vitam

25 1402 47 1430 a
69 1386 160 1430 Deo
183 1386 433 1431 credibilius
455 1397 517 1431 est
542 1404 552 1431 :
585 1387 773 1448 accipere
799 1388 936 1430 Deum
957 1396 1138 1430 mortem
1167 1384 1223 1429 ab
1241 1383 1390 1428 homi-

10 1455 175 1511 nibus,
200 1466 309 1518 puto
341 1456 443 1519 quia
474 1456 770 1501 incredibilius
793 1467 868 1502 est.
898 1457 954 1500 Et
971 1460 1061 1516 jam
1100 1453 1266 1499 factum
1291 1464 1352 1497 est
1375 1472 1385 1498 :

0 1519 245 1570 &credamus
275 1537 317 1571 et
352 1526 470 1590 quod
503 1526 697 1572 futurum
725 1537 799 1572 est.
840 1526 885 1570 Si
907 1526 1072 1570 factum
1098 1535 1160 1569 est
1183 1523 1303 1586 quod
1327 1534 1390 1568 θεῖ

0 1595 344 1653 incredibilius,
388 1614 475 1641 non
513 1597 635 1642 nobis
673 1596 797 1641 dabit
835 1596 955 1659 quod
1002 1607 1063 1640 est
1106 1593 1386 1640 credibilius?

22 1665 176 1710 Potens
199 1677 261 1710 est
286 1667 399 1711 enim
425 1668 536 1712 Deus
562 1667 739 1727 Angelos
760 1667 958 1712 homines
978 1666 1140 1721 faeere,
1169 1664 1246 1728 qui
1263 1663 1385 1709 semi-

21 1752 75 1780 na
104 1745 268 1781 terrena
300 1747 342 1782 et
382 1737 611 1783 horribilia
646 1737 842 1782 homines
882 1737 997 1784 fecit.
1034 1736 1153 1793 Quid
1195 1734 1384 1780 erimus?

20 1805 182 1866 Angeli.
214 1807 333 1863 Quid
366 1807 556 1853 fuimus?
581 1808 720 1853 Pudet
743 1808 957 1853 recordari
992 1825 1002 1852 :
1032 1824 1163 1867 cogor
1191 1805 1385 1851 conside-

20 1892 133 1932 rare,
157 1886 198 1921 et
228 1878 433 1922 erubesco
462 1878 614 1925 dicere.
648 1878 768 1933 Quid
790 1878 979 1923 fuimus?
1009 1877 1130 1923 Unde
1162 1880 1280 1923 Deus
1298 1877 1387 1922 ho-

19 1945 151 1991 mines
181 1946 310 1992 fecit?
350 1948 471 2003 Quid
501 1948 659 1993 fuimus
701 1960 931 2012 antequam
963 1949 1139 1994 omnino
1172 1951 1384 1994 essemus?

22 2015 141 2060 Nihil
159 2033 339 2062 eramus.
362 2017 550 2072 Quando
571 2019 613 2063 in
625 2019 849 2064 ventribus
869 2030 1057 2064 matrum
1074 2036 1260 2075 emmim,
1277 2019 1386 2082 quid

19 2090 212 2131 eramus?
259 2087 427 2132 Sufficit
461 2088 579 2150 quod
612 2089 810 2148 recolitis.
863 2090 1018 2135 Tollite
1056 2090 1219 2136 animos
1254 2091 1310 2136 ab
1335 2108 1384 2135 eo

19 2156 131 2202 unde
153 2156 257 2202 facti
282 2158 400 2213 estis,
437 2168 478 2202 et
506 2159 688 2217 cogitate
720 2159 837 2222 quod
864 2159 974 2206 estis.
1002 2160 1156 2205 Vivitis
1179 2178 1189 2205 ε
1219 2161 1292 2206 sed
1314 2161 1385 2206 vi—

18 2237 126 2271 vunt
147 2237 188 2270 et
222 2226 373 2272 herbae
403 2238 445 2271 et
473 2229 657 2274 arbores.
698 2229 872 2274 Sentitis
901 2247 912 2273 ε
940 2230 1130 2274 sentiunt
1146 2240 1188 2274 et
1205 2247 1378 2292 pecora.

18 2296 220 2342 Homines
253 2298 382 2342 estis:
413 2316 567 2360 pecora
600 2299 834 2351 transistis,
873 2301 1110 2363 superiores
1148 2301 1383 2363 pecoribus

18 2367 139 2420 estis;
182 2368 282 2431 quia
320 2368 558 2427 intelligitis
596 2381 755 2432 quanta
788 2371 991 2432 praestitit
1027 2371 1164 2417 nobis.
1202 2372 1385 2422 vivitis,

0 2437 201 2496 sentitis,
226 2438 462 2497 intelligitis
481 2476 491 2494 ‚
528 2440 721 2485 homines
739 2441 850 2487 estis.
887 2442 973 2486 lsto
1004 2451 1147 2486 autem
1167 2441 1380 2488 beneficio

17 2507 119 2570 quid
141 2509 383 2570 comparari
402 2513 569 2572 potest?
597 2510 834 2555 Christiani
853 2511 962 2558 estis.
994 2511 1090 2556 Hoc
1107 2511 1220 2557 enim
1239 2512 1273 2557 si
1291 2530 1380 2559 non

14 2577 328 2639 acceperimus,
355 2579 463 2641 quid
498 2580 622 2625 nobis
654 2581 875 2644 prodesset
908 2581 1011 2645 quia
1039 2581 1235 2627 homines
1262 2599 1377 2628 esse-

15 2649 133 2692 mus?
164 2646 400 2693 Christiani
429 2666 530 2710 ergo
558 2667 731 2707 sumus,
758 2651 813 2698 ad
840 2651 1064 2700 Christum
1092 2652 1371 2716 pertinemus,
