1866 3241
120 396 261 426 senno
297 394 481 434 etxvm,
523 393 576 422 DE
614 392 770 423 vmms
807 393 958 424 Arosr.
1002 395 1155 425 EPHES.
1198 395 1258 425 vr.
1333 379 1427 435 431,

9 491 11 496 «
54 471 216 516 nostra,
243 469 287 504 et
312 459 452 523 ipsam
468 457 614 504 fidem.
641 458 803 504 Iterum
830 458 940 504 dicit
963 459 1195 521 Apostolus
1219 476 1230 505 :
1258 465 1278 501 ἑ(
1299 461 1434 506 Mise-

55 552 76 574 »
103 528 336 575 ricordiam
368 537 624 573 consecutus
656 544 764 574 sum.
797 549 818 569 »
842 528 881 573 O
919 528 1152 574 confessio!
1198 530 1296 576 Non
1332 531 1392 576 ait
1418 548 1430 576 :

56 623 76 643 ))
103 598 443 646 Misericordiam
472 609 729 645 consecutus
763 615 885 655 sum,
920 620 941 640 ›>
975 599 1076 662 quia
1103 599 1242 645 fidelis
1278 618 1430 656 eram;

21 691 23 710 1
55 671 145 728 sed,
173 693 191 711 «
214 671 274 715 Ut
291 669 430 715 fidelis
446 685 595 725 essem,
613 669 954 716 misericordiam
969 680 1224 716 consecutus
1240 688 1336 716 sum
1351 670 1385 718 1.
1412 693 1434 715 ›>

12 747 13 750 ’
121 739 195 786 lV.
225 739 457 784 Veniamus
489 737 545 784 ad
582 742 672 798 ejus
703 738 971 802 primordia,
1001 738 1225 786 videamus
1256 740 1438 788 Saulum

20 831 23 869 5
55 810 325 865 saevientem,
351 819 595 872 spectemus
623 808 838 854 furentem
856 847 866 865 ‚
895 819 1139 872 spectemus
1173 809 1273 856 odia
1296 811 1437 857 anhe-

19 873 23 918 Ῐ
54 879 235 935 lanteni,
252 879 592 940 sanguinemque
602 878 830 926 sitientem.
849 879 1122 943 SpectemUS,
1138 879 1306 937 fratres,
1319 897 1436 940 eum,

21 961 23 966 '
55 966 262 1009 magnum
289 947 599 1011 spectaculum.
633 949 746 994 Ecce
765 960 865 1012 post
901 949 1114 1012 Stephani
1150 967 1318 1008 necem,
1341 962 1443 1015 post

20 1042 23 1058 ι
55 1019 239 1064 effusum
268 1019 384 1074 testis
410 1018 489 1063 Dei
517 1017 741 1082 lapidibus
766 1020 1019 1080 sanguinem
1036 1057 1046 1075 ,
1074 1020 1151 1066 ubi
1185 1021 1442 1068 vestimenta

21 1121 23 1129 .
55 1088 255 1134 servabat
275 1087 570 1151 lapidantium
586 1126 596 1144 ,
624 1099 674 1133 ut
697 1100 739 1134 et
760 1090 806 1135 in
829 1107 978 1135 eorum
1001 1090 1131 1135 etiam
1149 1091 1351 1137 manibus
1369 1090 1438 1138 la-

54 1158 243 1222 pidaret,
270 1169 375 1204 tunc
398 1158 580 1221 dispersi
604 1169 704 1204 sunt
729 1159 899 1216 fratres,
927 1160 1003 1223 qui
1027 1169 1149 1206 erant
1165 1161 1440 1225 Jerosolymis

21 1241 23 1246 ’
56 1229 303 1290 congregati
317 1229 335 1258 2
355 1249 367 1283 ;
395 1239 437 1274 et
454 1228 524 1274 ille
548 1230 725 1276 saeviens
744 1230 817 1276 cui
835 1247 992 1294 parum
1016 1242 1108 1276 erat
1123 1231 1280 1278 vidisse
1302 1242 1345 1277 et
1363 1231 1440 1278 fu-

13 1355 16 1359 .
58 1298 169 1345 disse
191 1299 444 1360 sanguinem
468 1299 710 1363 Stephani,
740 1301 910 1364 accepit
937 1300 1102 1346 litteras
1125 1320 1147 1346 a
1165 1302 1444 1366 principibus

20 1392 21 1395 ¹
57 1370 348 1427 sacerdotum,
379 1381 427 1416 ut
443 1371 523 1416 iret
540 1372 804 1417 Damascum
819 1409 830 1427 ,
852 1381 895 1416 et
911 1388 1211 1435 quoscumque
1225 1373 1290 1418 ibi
1307 1373 1435 1420 inve-

16 1488 17 1491 ,
57 1442 170 1487 niret
185 1442 476 1499 Christianos,
497 1442 668 1488 vinctos
685 1442 921 1488 adduceret
936 1442 969 1490 3.
990 1444 1045 1488 Et
1064 1443 1171 1490 ibat.
1189 1443 1298 1489 Haec
1312 1444 1441 1490 Pauli

58 1512 129 1559 Via
151 1524 260 1569 erat,
287 1517 412 1573 cujus
435 1513 506 1559 via
532 1512 729 1558 nondum
749 1524 840 1559 erat
864 1513 1096 1566 Christus3
1122 1513 1269 1560 adhuc
1298 1514 1437 1573 Sauli,

13 1607 23 1621 a>
60 1582 260 1628 nondum
280 1583 419 1630 Pauli.
447 1584 561 1630 Ibat.
593 1583 714 1640 Quid
732 1583 928 1629 habebat
944 1584 990 1629 in
1010 1583 1167 1630 corde?
1189 1584 1332 1641 Quid,
1358 1585 1440 1630 nisi

8 1654 22 1693 ³¹3
61 1653 252 1700 malum?
280 1655 388 1699 Date
406 1654 518 1699 mihi
542 1653 694 1699 merita
719 1657 824 1713 ejus.
861 1655 907 1699 Si
930 1655 1084 1699 merita
1109 1655 1287 1716 quaeris»,
1309 1654 1440 1701 dam-

19 1722 21 1778 Ῐ
62 1724 247 1771 nationis
273 1735 391 1779 sunt,
408 1741 495 1770 non
509 1723 792 1771 liberationis,
829 1725 930 1770 Ibat
948 1742 1048 1784 ergo
1063 1725 1211 1771 saevirc
1230 1726 1276 1771 in
1298 1743 1440 1772 mem-

62 1795 143 1840 bra
165 1793 359 1850 Christi,
384 1794 478 1840 ibat
501 1795 751 1854 sanguinem
778 1794 960 1840 fundere
977 1833 987 1851 ,
1012 1795 1106 1840 ibat
1134 1794 1266 1858 lupus
1293 1807 1441 1859 pastor

19 1862 21 1870 ’
60 1865 235 1912 futurus
264 1883 274 1910 z
302 1865 362 1910 sic
395 1865 503 1912 ibat.
536 1866 635 1910 Non
664 1866 778 1910 enim
811 1876 982 1929 poterat
1017 1865 1139 1910 aliter
1169 1867 1229 1912 ire
1257 1866 1313 1912 ad
1334 1866 1438 1925 illa,

19 1968 21 1973 -
61 1947 242 2001 propter
263 1954 364 2000 quae
387 1936 495 1984 ibat.
528 1937 698 1982 Etcum
718 1937 779 1982 sic
801 1936 1022 1993 ambulat,
1048 1937 1234 1996 cogitat,
1267 1938 1444 1984 anhelat

12 2003 16 2009 ’
64 2007 228 2062 caedes3
259 2024 360 2053 cum
385 2007 508 2053 ducit
527 2006 658 2070 pedes
679 2011 769 2067 ejus
787 2007 868 2063 ira,
892 2017 1038 2054 movet
1051 2007 1248 2053 membra
1271 2007 1439 2066 odium,

64 2078 171 2124 dum
194 2078 336 2142 pergit
358 2088 399 2123 et
416 2077 630 2135 ambulat,
657 2078 933 2142 obtemperat
960 2077 1231 2141 mancipium
1250 2077 1445 2125 crudeli-

63 2150 141 2196 tati
163 2168 174 2196 z
203 2161 246 2196 et
265 2167 364 2197 ecce
389 2167 470 2197 vox
495 2149 548 2195 de
568 2144 681 2196 coelo
703 2168 715 2195 t
739 2171 759 2191 c<
779 2149 926 2206 Saule,
955 2148 1099 2204 Saule,
1123 2149 1231 2211 quid
1256 2167 1322 2195 me
1335 2167 1441 2214 per-

16 2238 21 2254 -·
65 2243 86 2263 »
105 2220 344 2283 sequeris&
369 2243 389 2262 n
415 2221 528 2266 Ecce
545 2238 679 2283 quare
706 2220 815 2266 dixit
845 2237 855 2265 :
882 2241 901 2262 «
924 2219 1266 2264 Misericordiam
1291 2237 1446 2266 conse-

19 2302 23 2309 ·
65 2311 86 2331 »
107 2300 232 2335 cutus
261 2305 380 2343 sum,
405 2301 450 2332 ut
480 2291 617 2336 fidelis
644 2309 776 2337 essem
799 2291 832 2338 5.
862 2314 879 2332 »
907 2292 1012 2335 Erat
1038 2289 1249 2344 infidelis;
1283 2307 1442 2354 parum

65 2370 145 2416 est,
168 2370 259 2406 erat
285 2358 331 2404 in
354 2358 448 2421 ipsa
471 2357 724 2403 infidelitate
750 2360 937 2403 crudelis
962 2377 973 2402 ε
1003 2358 1075 2402 sed
1102 2359 1443 2407 misericordiam

18 2425 21 2475 J
65 2440 320 2476 consecutus
345 2438 432 2483 est,
456 2438 505 2473 ut
529 2427 666 2473 fidelis
690 2438 810 2474 esset.
841 2425 962 2484 Quid
986 2425 1182 2472 dicturus
1200 2444 1242 2473 es
1261 2428 1352 2474 Deo
1370 2430 1444 2476 di-

17 2547 19 2550 .
67 2501 184 2547 centi
203 2518 214 2546 ε
235 2500 331 2546 Hoc
362 2497 494 2546 volo?
524 2499 639 2558 Ergo
658 2536 668 2555 ,
705 2498 916 2553 Domine,
951 2496 1023 2542 ille
1057 2496 1134 2560 qui
1170 2506 1287 2545 tanta
1314 2499 1440 2558 secit,

19 2568 21 2575 ⁴
67 2582 187 2618 tanta
203 2568 318 2616 mala
343 2569 389 2615 in
406 2579 576 2615 sanctos
599 2579 695 2615 tuos
718 2568 859 2615 facere
880 2565 1106 2631 cupiebat,
1136 2565 1210 2613 tali
1235 2584 1335 2615 eum
1357 2571 1445 2617 mi·-

12 2690 21 2706 fl
116 2668 128 2694 ¹
154 2680 168 2702 ι
185 2672 262 2704 Cor.
282 2679 341 2710 vn,
360 2668 416 2701 25.
433 2682 470 2690 —
484 2663 500 2690 ²
517 2667 591 2701 Aet.
608 2676 669 2708 vn,
694 2668 749 2709 57,
766 2680 812 2692 —-
833 2662 849 2691 3
865 2665 914 2700 td.
934 2674 1028 2699 xx.·-·
1047 2658 1167 2702 41bid.
1186 2669 1222 2704 4.
1237 2676 1283 2693 *⁷-
1298 2664 1313 2692 ⁶
1336 2676 1350 2700 x
1368 2668 1446 2705 Cor.

17 2730 21 2759 ἰ
70 2729 131 2764 vn,
151 2723 206 2757 25.
