1866 3241
15 2917 27 3212 .-..—‚-.n-”u·‹-..,-„.›
15 2874 25 2896 ›-
20 2811 24 2822 .„
19 2775 22 2780 .
20 2750 25 2758 ⁴
20 2728 22 2731 ,
20 2698 21 2702 Α
19 2644 22 2665 ν

194 348 337 379 smnio
374 347 541 390 ctxvn,
579 346 635 377 DE
670 345 829 377 VBP-ms
864 343 1018 377 APosT.
1057 346 1212 379 lirinis.
1246 348 1288 380 v.
1354 332 1457 390 425

26 524 28 548 ᾗ
83 523 1436 542 ινιιππωννςωινιωοιτςἏἪωὶΜἋΑὶΜΝκἊιιῆινιινιννιωνκ

529 660 735 708 SERMO
773 659 979 709 CLXVII
997 658 1032 709 ¹.

7 790 27 873 ¹3
83 813 147 858 De
167 812 309 858 verbis
329 810 545 875 Apostoli,
573 810 739 874 Ephes.
772 828 813 857 v.
849 811 1018 856 Videte
1049 813 1294 875 quomodo
1327 824 1464 859 caute

147 883 418 939 ambuletis,
436 900 530 927 mni
552 893 601 926 ccc
620 883 907 945 insipientes,
935 881 1022 927 secl
1041 893 1094 928 iic
1118 886 1366 946 sapientes,
1392 901 1464 928 re-

147 954 380 998 climetzles
399 963 592 1015 tempas,
612 956 843 1015 quoniam
868 952 969 998 dies
985 952 1241 999 malismit.

147 1110 183 1156 I.
222 1110 493 1157 APosTOLUM
513 1147 524 1167 ,
562 1127 663 1156 cuni
695 1110 928 1171 legeretur,
959 1110 1139 1157 audistis
1162 1111 1283 1158 :imo
1315 1129 1463 1159 omnes

25 1182 27 1189 ⁴
83 1179 345 1237 audivimus,
367 1180 583 1227 dicentem
601 1182 728 1227 nobis
749 1199 760 1227 ι
783 1203 803 1223 c<
821 1182 974 1228 Videte
989 1181 1210 1245 quomodo
1225 1194 1350 1229 caute
1363 1202 1462 1230 am-

2 1273 6 1283 ·
25 1287 27 1291 1
82 1271 104 1293 »
125 1250 304 1308 buletis,
330 1268 419 1297 non
433 1262 482 1297 ut
498 1252 767 1315 insipientes,
793 1252 867 1297 sed
889 1263 937 1298 ut
953 1253 1183 1317 sapientes,
1204 1253 1462 1301 redimentes

24 1379 26 1381 Ι
82 1342 104 1363 >>
128 1332 317 1385 tempus,
339 1322 544 1385 quoniam
560 1322 648 1368 dics
666 1322 770 1367 mali
787 1333 887 1367 sunt
900 1323 933 1369 2.
955 1344 975 1364 ›>
996 1323 1094 1368 Dies
1115 1323 1266 1380 malos,
1288 1324 1456 1381 fratres,

82 1391 182 1438 duae
205 1410 271 1438 res
292 1392 460 1438 faciunt
474 1430 484 1449 ,
509 1393 672 1438 malitia
695 1404 737 1438 et
756 1393 937 1440 miseria.
970 1394 1052 1439 Per
1074 1394 1285 1440 malitiam
1309 1395 1459 1441 homi-

81 1479 187 1508 num
208 1474 250 1508 et
273 1463 487 1509 miseriam
504 1463 735 1509 hominum
756 1463 979 1510 ducuntur
990 1464 1080 1509 dies
1094 1464 1211 1511 mali.
1239 1465 1459 1513 Caeterum

82 1533 171 1578 dies
195 1534 282 1589 isti,
310 1545 525 1596 quantum
550 1534 739 1598 pertinet
764 1533 819 1579 ad
844 1535 983 1597 spatia
1006 1534 1216 1581 horarum
1234 1573 1245 1592 ,
1271 1536 1460 1583 ordinati

81 1614 182 1648 sunt
206 1621 216 1648 z
242 1603 411 1649 ducunt
433 1604 546 1650 vices
562 1641 572 1660 ,
605 1615 739 1663 agunt
762 1615 987 1667 tempora3
1014 1605 1152 1650 oritur
1174 1605 1262 1662 sol,
1297 1606 1461 1652 occidit

40 1709 42 1712 .
81 1674 160 1730 sol,
183 1685 405 1720 transeunt
423 1685 632 1738 tempora.
664 1675 749 1719 Cui
771 1674 949 1720 molesta
964 1685 1064 1720 sunt
1087 1685 1302 1739 tempora,
1327 1677 1362 1722 si
1380 1677 1460 1723 ho-

53 1752 57 1756 ’
81 1745 216 1790 mines
236 1745 421 1791 sibinon
437 1755 538 1790 sunt
555 1745 753 1791 molesti?
775 1746 889 1805 Ergo
910 1745 999 1790 dies
1023 1745 1175 1802 malos,
1201 1746 1315 1792 sicut
1337 1747 1424 1793 dixi
1441 1785 1454 1805 ,

22 1823 24 1825 ’
82 1815 182 1861 duae
200 1833 264 1861 res
279 1816 463 1872 faciunt,
491 1816 658 1861 miseria
676 1815 924 1872 hominum,
949 1826 991 1861 et
1013 1815 1177 1861 malitia
1204 1816 1451 1866 hominum.

83 1886 167 1932 Sed
190 1886 359 1931 miseria
382 1886 613 1931 hominum
631 1887 875 1930 communis
897 1896 963 1930 est>
985 1903 994 1929 :
1029 1902 1116 1930 non
1140 1886 1270 1931 debet
1293 1887 1458 1932 malitia

81 1974 167 2002 esse
186 1956 443 2002 communis.
469 1956 532 2000 Ex
553 1971 639 2018 quo
660 1955 774 2000 enim
798 1954 944 2018 lapsus
966 1966 1027 2000 est
1051 1955 1213 2011 Adam,
1242 1957 1354 2002 etde
1373 1974 1427 2020 pa
1421 1984 1458 2001 -

79 2026 221 2073 radiso
238 2026 462 2103 expulsus,
496 2042 722 2102 nunquam
738 2025 915 2070 fuerunt
943 2025 1057 2081 dies,
1091 2025 1173 2070 nisi
1198 2025 1315 2073 mali.
1345 2027 1454 2072 Istos

80 2114 236 2162 pueros
260 2097 337 2160 qui
354 2106 611 2151 nascuntur,
632 2095 970 2154 interrogemus,
989 2111 1151 2157 quale
1141 2113 1164 2140 a
1186 2095 1393 2157 ploratu
1382 2114 1456 2141 in—

80 2167 269 2231 cipiunt,
299 2166 375 2230 qui
397 2165 589 2211 etiidere
611 2175 806 2228 possunt.
829 2164 1048 2219 Nascitur,
1066 2165 1264 2209 etstatim
1281 2164 1452 2228 plorat:

79 2248 179 2300 post
203 2237 348 2282 nescio
382 2246 490 2299 quot
522 2235 611 2281 dies
639 2234 765 2281 ridet
798 2233 988 2291 Quando
1019 2201 1224 2296 plorabat
1250 2252 1453 2293 nascens,

0 2326 4 2334 ·
23 2311 27 2316 ’
80 2305 299 2369 propheta
321 2320 409 2349 suae
426 2304 683 2349 calamitatis
706 2315 798 2350 erat
821 2321 831 2348 :
855 2303 1061 2365 lacrymae
1081 2302 1196 2347 enim
1211 2313 1336 2349 testes
1360 2316 1460 2350 sunt

0 2404 4 2414 -
80 2375 277 2421 miseriae.
299 2373 507 2419 Nondum
521 2372 734 2435 loquitur,
759 2382 802 2418 et
817 2376 911 2432 jam
927 2372 1177 2434 prophetat.
1210 2373 1331 2428 Quid
1350 2392 1459 2438 pro-

0 2477 25 2484 .
80 2445 262 2509 phetat?
291 2444 347 2488 In
366 2442 515 2488 labore
533 2459 574 2486 se
589 2441 787 2486 futurum
802 2478 813 2497 ,
834 2440 903 2487 vel
928 2441 974 2485 in
998 2440 1163 2486 timore.
1201 2442 1259 2486 Et
1284 2442 1318 2488 si
1344 2443 1458 2489 bene

0 2535 3 2564 1
82 2515 233 2562 vixerit
249 2524 291 2558 et
304 2516 444 2573 ,iustus
466 2511 612 2567 fuerit,
640 2521 752 2557 certe
768 2511 813 2556 in
832 2509 985 2557 mediis
1009 2510 1175 2573 positus
1203 2512 1458 2559 tentationi-

20 2577 26 2626 [⁷
82 2585 166 2645 bus
193 2599 360 2647 semper
375 2581 562 2628 timebit.

131 2674 142 2697 ¹
157 2674 246 2707 Alias
262 2683 353 2713 xxxv,
369 2671 410 2704 de
425 2670 531 2704 verbis
546 2669 711 2715 Apostoli.
724 2686 770 2695 —
781 2668 798 2693 ²
820 2668 940 2714 Ephes.
957 2680 991 2714 v,
1015 2668 1068 2710 15,
1082 2673 1116 2703 et
1133 2668 1246 2704 Florus
1260 2668 1395 2704 ibidem.
