1866 3241
189 278 207 295 ὁ

239 322 380 354 sEnMo
417 321 632 363 ctxxvm,
671 320 725 352 DE
761 320 918 353 vnnms
953 320 1102 353 ArosT.
1143 322 1228 354 Tir.
1276 321 1313 352 1.
1388 304 1481 352 513

3 412 8 431 a
101 388 243 446 deret,
274 388 350 453 qui
368 388 494 435 nobis
511 388 617 434 dicit
638 406 649 434 ε
678 410 699 429 <‹
719 386 862 433 Nolite
879 386 1159 451 personaliter
1180 385 1438 448 judicarem
1462 410 1481 428 »

104 461 150 506 Si
172 461 236 507 vis
259 478 358 521 ergo
385 460 532 506 audire
548 460 712 506 crimen
732 458 879 505 divitis
900 457 1033 514 illius,
1054 458 1141 503 noli
1159 458 1345 522 amplius
1364 474 1482 522 quae-

103 547 217 587 rere,
253 547 386 594 quam
419 530 542 576 audis
567 548 590 576 a
627 530 829 576 Vel-itate.
871 527 1040 574 «Dives
1072 540 1184 585 erat,
1218 528 1484 574 induebatur

105 623 126 644 ›>
144 618 340 665 purpura
366 612 408 646 et
433 602 584 665 bysso‚
626 611 668 646 et
690 599 953 664 epulabatur
977 598 1172 662 quotidie
1199 598 1438 662 splendide.
1464 621 1484 640 »

0 678 13 706 0
108 672 239 729 Quod
265 689 364 733 ergo
384 675 475 732 ejus
494 672 684 717 crimen?
704 672 860 717 Jacens
878 681 976 716 ante
989 673 1170 730 januam
1188 669 1423 727 ulcerosus,
1444 680 1486 714 et

109 761 197 789 non
221 742 410 803 adjutus.
444 743 541 788 Hoc
570 742 684 787 enim
716 752 863 806 aperte
882 741 935 787 de
951 741 1026 786 illo
1057 740 1226 786 dictum
1247 751 1337 797 est,
1367 740 1487 803 quod

108 813 410 860 immisericors
427 813 559 860 erat2.
585 812 849 876 »Numquid
868 812 1007 868 euim,
1030 811 1290 867 charissimi,
1315 811 1349 856 si
1378 827 1487 874 pau-

106 902 186 948 per
202 884 272 930 ille
305 895 403 930 ante
423 888 604 944 januam
634 888 783 944 jacens
810 883 1091 928 sufficientem
1118 899 1277 946 panem
1301 900 1325 927 a
1353 880 1489 927 divite

2 963 13 991 ss
107 954 343 1018 acciperet,
370 954 587 1001 diceretur
610 954 665 1000 de
688 955 762 1000 illo
783 955 885 1018 quia
904 953 1114 1017 cupiebat
1128 952 1309 998 saturari
1328 951 1382 997 de
1406 952 1487 997 mi-

105 1024 167 1070 cis
186 1061 196 1080 ‚
222 1041 322 1088 quae
342 1025 560 1070 cadebant
582 1024 636 1071 de
654 1042 798 1070 mensa
815 1024 978 1072 divitis.
1006 1024 1193 1087 Propter
1215 1023 1331 1068 hanc
1352 1022 1487 1069 solam

1 1106 12 1133 e
104 1094 468 1141 inhumanitatem
489 1133 500 1152 ‚
540 1113 625 1159 qua
667 1095 974 1142 contemnebat
1006 1111 1246 1158 pauperem
1287 1104 1385 1140 ante
1409 1097 1483 1153 ja-

0 1177 11 1205 11
104 1182 235 1212 nuam
264 1182 385 1212 suam
400 1170 643 1227 jacentem,
671 1183 750 1212 nec
780 1182 967 1225 congrue
1002 1164 1218 1227 digneque
1246 1164 1457 1228 pascebat
1474 1201 1485 1220 ‚

103 1247 300 1283 mortuus
321 1248 384 1283 est
411 1249 453 1282 et
475 1237 692 1301 sepultus3
715 1248 757 1282 et
782 1253 884 1282 cum
906 1234 1024 1299 apud
1050 1234 1207 1280 inferos
1235 1234 1282 1279 in
1302 1245 1493 1280 tormen-

101 1308 157 1354 tis
185 1319 314 1365 esset,
349 1308 509 1354 levavit
536 1309 683 1354 oculos
706 1325 819 1364 suos,
850 1318 892 1352 et
921 1306 1032 1354 vidit
1062 1322 1301 1370 pauperem
1325 1305 1372 1350 in
1395 1306 1492 1351 sinu

1 1391 10 1418 C
101 1379 312 1426 Abrahae.
338 1380 394 1424 Et
411 1379 517 1442 quid
535 1379 739 1442 pluribus
755 1379 988 1424 immorer?
1006 1376 1277 1423 Desideravit
1294 1386 1461 1436 guttam
1475 1414 1486 1427 ,

100 1449 177 1513 qui
200 1467 288 1495 non
313 1449 432 1495 dedit
461 1451 618 1496 micam
643 1468 653 1495 :
682 1467 771 1495 non
804 1450 973 1513 accepit
1001 1452 1118 1508 justa
1148 1447 1357 1493 sententia
1375 1484 1386 1503 ,
1413 1447 1488 1509 qui

98 1536 188 1565 non
213 1518 335 1565 dedit
359 1519 525 1565 crudeli
550 1520 743 1566 avaritia.
772 1520 818 1565 Si
840 1520 940 1565 baec
959 1536 1060 1579 ergo
1080 1535 1217 1583 poena
1250 1526 1313 1562 est
1333 1534 1490 1563 avaro-

97 1607 194 1636 rum
211 1627 222 1646 ,
246 1608 346 1655 quae
365 1608 499 1655 poena
520 1594 774 1655 raptorum?
849 1594 854 1597 ’

0 1675 10 1701 1'
164 1661 238 1707 lV.
270 1659 353 1705 Sed
380 1661 437 1706 ait
460 1661 572 1705 mihi
593 1675 743 1724 raptor
761 1678 905 1706 rerum
932 1661 1170 1706 alienarum
1194 1677 1204 1704 ι
1224 1660 1315 1719 Ego
1334 1659 1484 1705 similis

95 1730 211 1776 illius
234 1730 383 1776 divitis
408 1747 496 1776 non
525 1748 633 1778 sum.
676 1733 844 1795 Agapes
877 1731 1017 1787 facio,
1040 1729 1200 1777 vinctis
1232 1729 1279 1774 in
1311 1746 1482 1775 carcere

2 1836 7 1845 .
95 1801 261 1847 victum
284 1802 432 1856 mitto,
460 1801 600 1846 nudos
618 1802 777 1857 vestio,
803 1801 1054 1864 peregrinos
1071 1799 1274 1862 suscipio,
1308 1799 1422 1845 Dare
1441 1811 1479 1846 te

0 1888 8 1914 1
93 1875 256 1935 putas?
296 1871 464 1917 Tollere
503 1871 617 1927 noli,
656 1882 697 1916 et
736 1871 906 1917 dedisti.
940 1871 1025 1915 Cui
1055 1869 1224 1915 dederis
1241 1906 1252 1925 ,
1288 1869 1474 1929 gaudet3

94 1941 164 1987 cui
186 1941 437 1997 abstuleris,
464 1941 608 2004 plorat
631 1959 641 1986 z
671 1958 801 2005 quem
823 1941 1010 1986 duorum
1033 1941 1215 1986 istorum
1241 1940 1472 1986 exauditu-

2 2012 7 2056 l
92 2028 165 2057 rus
193 2023 254 2057 est
275 2013 513 2058 Dominus?
543 2013 657 2058 Dicis
677 2014 715 2058 ei
743 2013 815 2058 cui
836 2012 1003 2057 dederis
1030 2029 1041 2057 τ
1068 2011 1240 2056 Gratias
1264 2028 1340 2071 age
1367 2012 1470 2074 quia

1 2082 5 2126 1
92 2082 310 2146 accepisti.
352 2083 436 2128 Sed
464 2083 568 2128 alter
591 2083 674 2128 tibi
702 2101 749 2128 ex
780 2082 859 2128 alia
888 2093 1012 2146 parte
1040 2081 1149 2127 dicit
1183 2099 1193 2126 :
1235 2081 1326 2140 Ego
1347 2098 1470 2141 gemo

92 2152 161 2197 cui
192 2152 421 2199 abstulisti.
452 2154 508 2198 Et
538 2170 648 2217 pene
685 2164 826 2198 totum
861 2152 1059 2208 tenuisti,
1090 2162 1132 2196 et
1167 2151 1368 2211 exiguum
1407 2151 1471 2197 illi

92 2221 261 2268 dedisti.
293 2223 339 2268 Si
360 2240 460 2283 ergo
486 2224 605 2286 quod
624 2223 747 2269 alteri
765 2223 983 2269 abstulisti
1006 2222 1231 2283 egentibus
1254 2221 1440 2267 dedisses
1456 2259 1467 2278 ,

91 2308 170 2338 nec
208 2292 307 2338 talia
343 2310 473 2357 opera
497 2294 638 2354 diligit
668 2299 799 2342 Deus.
837 2294 957 2339 Dicit
986 2293 1069 2339 tibi
1100 2294 1215 2338 Deus
1250 2311 1260 2337 ε
1299 2292 1467 2349 Stulte,

85 2362 193 2422 jussi
225 2374 273 2409 ut
303 2363 424 2410 dares
442 2402 453 2421 ‚
487 2364 559 2410 scd
579 2382 666 2410 non
691 2365 744 2410 de
764 2364 916 2411 alieno.
949 2364 995 2410 Si
1017 2363 1176 2419 habes,
1199 2362 1255 2408 da
1279 2361 1332 2407 de
1358 2372 1431 2408 tuo
1455 2380 1466 2407 ε

93 2432 127 2477 si
146 2449 233 2480 non
256 2433 393 2480 habes
414 2435 531 2498 quod
559 2434 632 2480 des
653 2434 705 2480 de
725 2446 801 2481 tuo
815 2473 825 2492 ‚
861 2434 1014 2480 melius
1036 2432 1145 2478 nulli
1165 2431 1290 2477 dabis
1305 2470 1316 2489 ,
1339 2449 1473 2495 quam

95 2501 249 2548 alteros
272 2504 492 2568 spoliabis.
520 2505 728 2551 Dicturus
745 2516 807 2551 est
827 2506 1039 2551 Dominus
1061 2504 1284 2560 Christus,
1308 2519 1409 2548 cum
1428 2503 1474 2547 in

142 2602 266 2641 ¹vJoan.
285 2614 346 2640 vn,
366 2611 418 2641 14.
445 2622 488 2628 —
517 2602 532 2625 2
558 2604 638 2636 cod.
657 2605 744 2636 Cass.
770 2616 808 2644 11,
829 2604 882 2637 sot.
904 2616 944 2638 11.
964 2602 1194 2635 Immisericors
1207 2611 1296 2641 erat,
1317 2613 1381 2633 non
1397 2600 1476 2643 qnia

89 2655 208 2687 aliena
229 2655 347 2697 rapuit,
365 2657 423 2687 sed
438 2657 514 2697 qnia
538 2658 578 2687 de
593 2657 732 2698 propriis
748 2669 884 2699 erogare
897 2657 1008 2689 uoluit.
1030 2655 1208 2701 Numquid,
1229 2661 1288 2686 etc.

224 2723 359 2755 cxxvi.
1290 2706 1350 2753 33
