1866 3241
365 377 458 433 452
787 395 821 424 s.
864 392 1105 424 Ancusrnvi
1140 392 1342 424 131>1scor1

364 480 386 501 »
404 469 499 505 tum
521 459 567 505 in
591 459 824 505 ministerio
854 459 1038 505 laboro?
1067 459 1123 503 Et
1146 459 1376 516 Dominus,
1401 459 1593 515 Martha,
1618 465 1733 507 Mar-

365 551 387 572 »
403 530 502 587 tha,
531 530 647 576 circa
673 529 861 576 multum
880 547 922 575 es
940 539 1167 592 occupata.
1195 530 1331 576 Porro
1350 547 1487 576 unum
1505 542 1566 577 est
1583 549 1732 578 neces—

365 621 386 642 »
405 599 580 647 sarium.
595 600 734 646 Maria
744 600 962 646 meliorem
975 609 1141 662 partem
1153 598 1295 659 elegit,
1311 617 1409 663 quae
1419 618 1507 646 non
1522 601 1735 648 auferetur

364 692 385 713 »
404 670 460 716 ab
486 687 534 716 ea
546 669 580 718 4.
604 691 624 712 >³
648 672 716 716 Tu
744 670 924 726 bonam,
956 668 1030 714 sed
1060 669 1141 714 ista
1174 669 1406 718 meliorem.
1448 672 1516 717 Tu
1550 672 1730 729 bonam,

365 741 561 804 (Bonum
579 751 641 786 est
659 740 774 786 enim
791 739 1032 786 conversari
1050 739 1095 785 in
1115 739 1322 803 obsequio
1338 752 1585 787 sanctorum
1603 759 1612 787 :
1628 741 1644 804 )
1661 742 1734 788 sed

360 811 441 858 ista
463 810 695 857 meliorem.
727 810 926 873 Denique
951 809 1069 872 quod
1092 819 1140 854 tu
1165 809 1350 870 elegisti,
1377 812 1543 858 transit.
1578 813 1732 857 Minis-

360 893 446 928 tras
466 881 768 937 esurientibus,
793 880 1008 926 ministras
1034 879 1295 936 sitientibus,
1317 882 1532 928 ministras
1555 882 1734 928 lectulos

359 952 628 1009 dormituris,
652 952 823 1015 praebes
853 950 1032 997 domum
1056 951 1255 997 habitare
1277 952 1522 998 volentibus
1551 971 1561 998 :
1591 954 1735 998 onmia

354 1025 436 1070 ista
457 1034 691 1070 transeunt.
722 1023 817 1068 Erit
837 1033 1007 1085 tempus
1039 1022 1117 1067 ubi
1146 1040 1272 1068 nemo
1298 1024 1472 1080 esuriat,
1501 1041 1640 1087 neque
1669 1025 1730 1069 si-

359 1095 456 1151 tiat,
482 1110 609 1139 nemo
628 1093 827 1138 dormiat.
854 1093 966 1151 Ergo
984 1109 1088 1137 cura
1109 1103 1182 1138 tua
1201 1093 1415 1138 auferetur
1432 1112 1455 1139 a
1473 1104 1526 1141 te.
1550 1116 1570 1136 «
1593 1095 1731 1140 Maria

358 1187 379 1207 >2
397 1164 616 1210 meliorem
633 1162 758 1222 elegit
775 1172 961 1226 partem,
985 1179 1083 1225 quae
1101 1180 1189 1208 non
1204 1163 1419 1209 auferetur
1433 1164 1488 1208 ab
1504 1181 1566 1211 ea.
1592 1186 1612 1205 »
1631 1165 1729 1209 Non

358 1234 599 1280 auferetur:
616 1231 901 1295 contemplari
921 1231 1065 1291 elegit,
1090 1232 1224 1278 verbo
1244 1233 1385 1279 vivere
1408 1232 1547 1293 elegit.
1580 1232 1733 1290 Qualis

357 1305 439 1350 erit
472 1304 564 1351 vita
600 1303 653 1349 de
693 1302 836 1347 Verbo
871 1301 960 1347 sine
991 1302 1156 1349 verbo?
1194 1302 1324 1348 Modo
1357 1302 1436 1348 ista
1471 1303 1646 1349 vivebat
1680 1303 1733 1348 de

357 1374 519 1430 Verbo,
548 1373 621 1419 sed
641 1382 818 1418 sonante
841 1372 991 1418 verbo.
1023 1372 1118 1416 Erit
1141 1372 1227 1419 vita
1256 1372 1309 1418 de
1336 1373 1498 1429 Verbo,
1519 1373 1639 1418 nullo
1661 1391 1732 1419 so-

358 1456 489 1491 nante
506 1444 656 1491 verbo.
680 1445 833 1506 Ipsum
850 1443 1045 1488 Verbum
1061 1443 1150 1489 vita
1168 1453 1243 1488 est.
1271 1465 1291 1484 «
1314 1443 1482 1489 Similes
1500 1444 1537 1489 ei
1555 1444 1729 1499 erimus,

359 1537 380 1558 n
399 1515 606 1578 quoniam
629 1513 876 1559 videbimus
900 1529 998 1557 eum
1019 1512 1148 1557 sicuti
1165 1513 1271 1559 est2.
1297 1535 1317 1555 >2
1337 1514 1435 1576 Ipsa
1453 1523 1543 1558 erat
1563 1529 1664 1568 una,
1686 1524 1734 1558 ut

361 1582 1064 1648 contemplareturdelectationem
1075 1582 1265 1629 Domini.
1284 1583 1380 1628 Hoc
1391 1583 1435 1627 in
1446 1582 1593 1628 saeculi
1604 1583 1734 1643 hujus

362 1666 489 1701 nocte
512 1671 600 1699 non
625 1669 866 1717 possumus.
897 1673 917 1693 α
943 1652 1071 1696 Mane
1097 1652 1246 1697 astabo
1268 1653 1367 1706 tibi,
1396 1663 1438 1698 et
1461 1653 1734 1716 contempla-

362 1748 383 1768 »
403 1725 526 1771 bor-³.
550 1746 570 1766 »
583 1724 713 1783 Ergo,
733 1743 752 1763 α
770 1723 878 1782 Ego,
895 1722 1056 1785 inquit,
1078 1739 1146 1767 me
1165 1739 1254 1769 non
1277 1723 1463 1769 arbitror
1482 1724 1733 1787 apprehen-

362 1818 383 1837 »
401 1795 524 1841 disse.
549 1794 696 1838 Unum
713 1802 869 1838 autem.
895 1813 915 1833 ›>

425 1865 592 1912 XVIII.
635 1862 756 1918 Quid
781 1878 880 1921 ergo
912 1860 1054 1906 facio?
1078 1881 1098 1903 c<
1120 1860 1233 1918 Quae
1264 1871 1377 1907 retro
1402 1863 1563 1909 oblitus
1579 1901 1589 1920 ,
1616 1864 1660 1908 in
1686 1882 1735 1909 ea

357 1958 378 1979 ›>
396 1952 495 1999 quae
503 1944 601 1980 ante
614 1942 932 1988 suntextentus,
947 1931 1186 1977 secundum
1202 1932 1485 1979 intentionem
1502 1934 1691 1998 sequorln
1713 1956 1734 1976 »

361 2006 523 2053 Adhuc
547 2020 701 2067 sequor
724 2021 735 2048 ε
759 2024 779 2045 «
803 2002 871 2048 Ad
894 2001 1086 2065 palmam
1109 2018 1309 2065 supernae
1331 2005 1570 2050 vocationis
1591 2004 1666 2049 Dei
1691 2005 1735 2049 in

360 2099 381 2119 »
400 2075 577 2122 Christo
601 2075 716 2120 Jesu.
740 2094 761 2115 »
782 2073 941 2119 Adhuc
965 2089 1138 2136 sequor,
1174 2072 1321 2118 adhuc
1350 2075 1551 2136 proficio,
1587 2074 1734 2120 adhuc

365 2146 560 2203 ambulo,
587 2145 734 2191 adhuc
753 2145 799 2190 in
821 2144 891 2191 via
912 2160 1024 2199 sum,
1053 2143 1199 2189 adhuc
1226 2160 1295 2188 me
1319 2145 1516 2202 extendo,
1538 2146 1734 2191 nondum

363 2216 553 2282 perveni.
585 2216 698 2276 Ergo
721 2214 755 2260 si
777 2225 819 2259 et
843 2224 890 2259 tu
913 2212 1128 2269 ambulas,
1152 2213 1186 2258 si
1208 2223 1248 2258 te
1268 2215 1475 2271 extendis,
1502 2216 1536 2260 si
1561 2233 1608 2261 ea
1635 2233 1735 2278 quae

363 2297 544 2335 ventura
561 2295 661 2331 sunt
678 2284 840 2344 cogitas
855 2304 866 2337 3
889 2283 1141 2329 obliviscere
1157 2285 1395 2346 praeterita,
1416 2285 1505 2331 noli
1524 2286 1569 2331 in
1588 2304 1635 2331 ea
1653 2303 1735 2331 res-

364 2358 526 2422 picere,
549 2373 602 2402 nc
620 2356 682 2401 ibi
698 2370 916 2400 remaneas
934 2353 1013 2399 ubi
1030 2354 1273 2416 respexeris.
1290 2376 1310 2396 «
1324 2358 1584 2400 Mementote
1598 2356 1736 2401 uxoris
1796 2372 1798 2380 ⁸

365 2449 388 2471 ›>
406 2427 527 2473 Lot-⁷³.
553 2426 782 2488 Quotquot
802 2440 901 2484 ergo
924 2422 1120 2487 perfecti,
1144 2423 1229 2469 hoc
1254 2424 1482 2487 sapiamus.
1505 2447 1525 2467 »
1541 2426 1732 2482 Dixerat,

366 2498 508 2543 «Non
531 2513 625 2542 sum
648 2495 864 2559 perfectus
895 2511 906 2538 ε
937 2515 958 2535 »
986 2503 1028 2538 et
1059 2493 1193 2548 dicit,
1224 2514 1244 2534 «
1272 2494 1500 2557 Quotquot
1533 2496 1730 2559 perfecti,

365 2590 387 2612 »
403 2568 491 2613 hoc
507 2566 737 2629 sapiamus
758 2566 850 2625 Ego
866 2581 934 2609 me
952 2580 1039 2608 non
1058 2563 1244 2608 arbitror
1261 2564 1611 2627 apprehendisse.
1638 2567 1735 2611 Non
1794 2585 1795 2595 ¹

412 2666 424 2690 ¹
444 2668 521 2698 Luc.
540 2669 643 2702 x,4x‚
662 2669 776 2700 42.—-
791 2660 806 2685 2
828 2673 840 2693 1
861 2664 956 2695 Joan.
970 2673 1029 2704 111,
1047 2673 1082 2695 2.
1102 2680 1145 2687 —-
1164 2659 1179 2684 3
1196 2661 1276 2696 Psal.
1293 2673 1323 2702 v,
1346 2663 1420 2696 5.-
1436 2660 1451 2686 ⁴
1470 2663 1587 2708 Philip.
1605 2675 1659 2705 111,
1679 2670 1732 2701 14.

365 2717 436 2746 —5
448 2721 526 2753 Luc.
541 2727 629 2761 xvu,
652 2717 706 2750 32.
