1866 3241
167 330 312 363 SERMO
350 326 530 371 CLXXIX,
568 325 625 360 DE
662 324 818 361 VERBIS
855 324 1009 361 APOST.
1050 331 1206 364 JACOB.
1248 333 1280 365 1.
1356 312 1446 382 527

6 438 7 441 ,
69 392 278 442 minicam
316 411 491 457 erogare
524 409 785 459 possumus;
821 395 965 442 veniet
989 409 1160 445 exactor
1192 398 1269 464 qui
1303 399 1447 446 dixit:

69 486 90 507 «
122 466 251 514 Serve
273 484 485 532 nequam,
518 467 641 513 dares
665 466 898 531 pecuniam
928 484 1069 514 meam
1089 471 1392 519 nummulariis
1409 483 1452 518 et

68 556 89 579 ³>
112 552 190 597 ego
206 537 380 585 veniens
401 554 502 584 cum
523 537 663 584 usuris
686 538 894 599 exigerem
908 536 943 584 1.
977 558 996 579 υ

131 607 254 656 VIII.
280 608 426 655 Nolite
435 625 552 670 ergo,
573 607 725 654 fratres
744 608 847 665 mei,
868 607 1014 654 fallere
1024 609 1322 675 vosmetiPSOS‚
1343 614 1445 677 quia

66 679 240 725 venistis
270 678 459 725 studiose
491 678 547 725 ad
581 677 850 725 audiendum
875 677 1083 736 verbum,
1112 679 1147 724 si
1183 697 1272 727 non
1308 681 1449 731 facitis

67 748 186 812 quod
201 749 360 796 auditis
376 748 635 797 deficiendO.
663 749 862 810 Cogitate
881 749 917 795 si
936 748 1177 814 pulchrum
1197 762 1260 798 est
1276 754 1442 811 audire,

66 829 231 882 quanto
243 820 379 880 magis
397 819 553 866 facere.
579 819 627 865 Si
643 836 732 866 non
747 819 887 877 audis,
910 819 1108 866 auditum
1117 821 1313 883 negligis,
1332 824 1446 871 nihil

0 938 1 942 ,
65 889 270 938 aedificas.
302 891 348 936 Si
386 889 538 947 audis,
572 900 615 935 et
645 906 735 936 non
758 889 892 947 facis,
918 891 1089 936 ruinam
1115 891 1320 941 aedificas.
1350 896 1446 941 Do-

0 1003 10 1020 k·
65 959 172 1005 mini
200 959 368 1006 Christi
387 970 450 1006 est
471 960 524 1006 de
549 959 635 1006 hac
657 977 703 1006 re
729 960 955 1024 proposita
981 962 1365 1022 congruentissima
1384 966 1445 1011 si-

64 1029 267 1076 militudo
290 1046 301 1075 :
330 1052 350 1072 «
376 1030 466 1087 Qui
488 1029 634 1087 audit,
656 1030 827 1094 inquit,
853 1030 986 1077 verba
1008 1048 1103 1077 mea
1126 1032 1248 1090 haee,
1275 1044 1317 1079 et
1340 1035 1447 1082 facit

0 1126 9 1159 ‚·
66 1121 89 1142 »
112 1117 160 1145 ea
175 1138 187 1158 ,
215 1099 415 1146 similabo
439 1116 538 1146 eum
565 1100 659 1147 viro
682 1099 917 1164 prudenti,
946 1100 1024 1164 qui
1045 1100 1236 1148 aedificat
1264 1103 1445 1152 domum

0 1164 2 1171 ¹
66 1191 88 1213 2>
113 1184 234 1217 suam
266 1188 396 1235 super
425 1181 609 1235 petram.
645 1170 882 1217 Descendit
908 1170 1083 1235 pluvia,
1114 1186 1326 1221 venerunt
1355 1177 1446 1224 ssu-

2 1295 10 1303 .
65 1263 86 1284 »
108 1242 245 1299 mina,
265 1241 482 1289 flaverunt
506 1240 642 1299 venti,
669 1252 712 1287 et
734 1241 1009 1305 impegerunt
1031 1242 1078 1288 in
1103 1241 1284 1291 domum
1302 1245 1440 1305 illam,

0 1311 10 1374 ’-
64 1334 86 1355 »
110 1324 152 1359 et
174 1330 264 1359 non
298 1313 472 1360 cecidit.
505 1336 525 1355 ›>
550 1314 695 1370 Quare
729 1329 818 1358 non
841 1311 1029 1359 cecidit?
1059 1335 1080 1356 «
1105 1315 1138 1359 F
1142 1315 1306 1363 undata
1328 1318 1444 1365 enim

64 1404 86 1426 η
110 1394 201 1430 erat
219 1401 348 1448 super
369 1384 586 1448 petram2.
620 1405 641 1426 ›>
671 1384 786 1443 Ergo
806 1382 955 1429 audire
977 1394 1019 1429 et
1041 1383 1199 1442 facere,
1224 1387 1443 1436 aedificare

65 1465 128 1500 est
150 1471 282 1519 super
298 1465 484 1518 petram.
510 1456 661 1518 Ipsum
678 1454 793 1500 enim
811 1453 959 1500 audire
975 1454 1192 1501 aedificare
1210 1467 1285 1504 est.
1316 1479 1336 1500 «
1355 1459 1444 1516 Qui

64 1546 86 1567 »
110 1535 274 1582 autem,
300 1526 463 1589 inquit,
492 1525 614 1571 audit
631 1526 766 1572 verba
788 1542 884 1571 mea
907 1525 1029 1582 haec,
1057 1536 1100 1572 et
1121 1544 1211 1572 non
1233 1527 1339 1574 facit
1364 1547 1412 1575 ea
1427 1568 1439 1587 ‚

63 1618 84 1639 >³
113 1596 315 1642 similabo
345 1613 445 1642 eum
462 1596 556 1642 viro
579 1595 728 1653 stulto,
759 1596 837 1659 qui
864 1595 1067 1642 aedificat.
1092 1616 1113 1638 »
1140 1597 1197 1642 Et
1214 1597 1306 1660 ipse
1330 1599 1441 1646 aedi-

0 1662 6 1704 ἶ
68 1667 186 1713 ficat.
218 1665 340 1722 Quid
369 1665 586 1711 aedificat?
608 1665 723 1710 Ecce
763 1664 954 1709 aedificat
979 1663 1159 1710 domum
1184 1682 1306 1712 suam
1329 1686 1340 1713 z
1368 1670 1442 1716 sed

2 1733 6 1739 ’
62 1736 165 1799 quia
194 1751 284 1782 non
311 1735 417 1782 facit
446 1734 567 1799 quod
596 1734 737 1792 audit,
773 1744 817 1780 et
845 1733 1064 1781 audiendo
1097 1736 1288 1783 aedificat
1313 1756 1443 1804 super

3 1802 8 1819 ⁹
63 1823 253 1852 arenam.
290 1807 405 1866 Ergo
447 1821 578 1868 super
606 1822 806 1861 arenam,
848 1805 926 1867 qui
959 1804 1082 1851 audit
1120 1816 1163 1851 et
1192 1824 1283 1853 non
1311 1808 1438 1869 facit,

1 1873 8 1940 J
64 1876 255 1922 aedificat
284 1894 295 1922 ε
323 1892 454 1940 super
486 1885 674 1940 petram,
709 1875 786 1937 qui
820 1873 943 1920 audit
961 1884 1003 1920 et
1030 1874 1137 1920 facit
1166 1893 1178 1920 t
1206 1893 1287 1923 nec
1313 1895 1443 1944 super

63 1964 256 2004 arenam,
280 1963 361 1993 nec
377 1963 508 2011 super
528 1956 700 2010 petram
726 1944 933 2001 aedificat,
957 1945 1034 2009 qui
1056 1946 1234 1993 omnino
1256 1965 1345 1995 non
1367 1968 1441 1998 au-

0 2074 8 2081 ·
63 2017 143 2066 dit.
168 2017 278 2064 Vide
301 2028 445 2064 autem
468 2016 577 2082 quid
605 2026 810 2080 sequatur
830 2033 842 2061 ι
863 2036 884 2058 «
912 2015 1148 2062 Descendit
1173 2016 1341 2080 pluvia,
1363 2038 1443 2068 ve-

64 2110 86 2131 »
108 2099 266 2135 nerunt
292 2089 492 2145 flumina,
522 2088 737 2135 flaverunt
758 2087 895 2144 venti,
929 2097 972 2132 et
993 2087 1269 2151 impegerunt
1289 2090 1335 2136 in
1355 2093 1440 2139 do-

65 2181 86 2201 »
106 2176 227 2205 mum
249 2158 385 2216 illam,
409 2169 451 2205 et
476 2158 660 2212 cecidit3
687 2168 729 2204 et
752 2157 868 2204 facta
890 2167 953 2203 est
969 2157 1095 2203 ruina
1115 2162 1205 2218 ejus
1222 2176 1392 2221 magna.
1417 2185 1439 2206 »

65 2230 373 2295 Spectaculum
396 2230 652 2277 miserabile.

0 2293 8 2304 ⁴
129 2301 208 2348 IX.
244 2301 317 2347 Ait
342 2314 443 2360 ergo
464 2300 652 2363 aliquis:
679 2300 811 2357 Quod
840 2317 929 2346 non
957 2317 1052 2345 sum
1080 2299 1299 2358 facturus,
1334 2303 1442 2366 quid

2 2367 7 2378 ⁴
66 2371 177 2418 mihi
199 2387 309 2435 opus
332 2381 395 2416 est
416 2369 594 2416 audire?
619 2370 848 2416 Audiendo
867 2370 1000 2427 enim,
1022 2369 1183 2434 inquit,
1204 2381 1246 2416 et
1265 2388 1351 2418 non
1371 2373 1441 2419 fa-

2 2438 7 2457 *
66 2440 239 2498 ciendo,
261 2441 432 2487 ruinam
456 2439 700 2487 aedificabo,
730 2442 884 2487 Nonne
900 2440 1035 2486 tutius
1053 2450 1115 2486 est
1133 2440 1246 2486 nihi]
1262 2441 1440 2491 audire?

67 2512 215 2576 Ipsam
239 2511 406 2576 quippe
424 2520 601 2575 partem·
620 2510 834 2556 Dominus
858 2511 904 2556 in
931 2524 1006 2556 sua
1034 2510 1316 2558 similitudine
1332 2531 1442 2577 pro-

0 2638 7 2649 .
65 2581 210 2647 posita
239 2581 448 2642 attingere
476 2580 643 2634 noluit,
671 2580 745 2627 sed
770 2580 1094 2644 intelligendam
1121 2580 1255 2631 dedit.
1283 2583 1336 2630 In
1355 2583 1442 2631 hoc

116 2670 127 2693 ¹
146 2670 262 2703 Matth.
279 2681 353 2712 xxv,
368 2682 423 2711 27.
435 2688 484 2696 —
496 2669 514 2694 2
534 2671 584 2704 1d.
603 2681 663 2710 vn,
683 2677 800 2713 24-27.
