1866 3241
366 294 459 341 518
768 309 803 339 s.
845 307 1085 339 mensum
1121 309 1322 339 EPlsCOPI

364 375 504 421 faeere
534 370 728 418 malum:
750 388 956 433 magnum
986 382 1051 419 est
1075 388 1218 418 amare
1243 370 1425 421 bonum.
1456 372 1569 419 Nam
1596 381 1640 419 et
1663 371 1731 419 la-

367 456 435 490 tro
461 443 584 489 timet
615 440 810 497 malum;
836 450 880 488 et
903 440 983 488 ubi
1010 456 1100 488 non
1119 449 1290 507 potest,
1313 458 1402 488 non
1428 441 1535 489 facit
1558 458 1572 490 z
1597 452 1640 488 et
1661 452 1733 488 ta-

365 532 465 561 men
491 513 602 559 latro
633 523 709 560 est.
749 513 864 558 Deus
888 512 1003 558 enim
1027 528 1105 558 cor
1130 511 1394 573 interrogat,
1420 530 1508 559 non
1533 530 1725 559 manum.

361 585 514 648 Lupus
537 581 656 631 venit
670 582 725 629 ad
745 581 857 629 ovile
873 582 1039 640 ovium,
1066 581 1225 647 quaerit
1247 581 1467 641 invadere,
1491 583 1651 648 quaerit
1663 587 1734 644 Ju-

362 656 527 716 gulare,
549 653 705 718 quaerit
721 653 927 700 devorare
945 670 957 700 z
979 652 1160 714 vigiJant
1178 663 1386 717 pastores,
1404 652 1564 700 latrant
1578 669 1729 700 canes:

361 726 476 774 nihil
496 735 663 790 potest,
697 741 786 770 non
808 723 967 781 aufert,
1004 741 1093 770 non
1122 723 1307 778 occidit3
1332 723 1406 770 sed
1432 734 1577 770 tamen
1603 722 1734 787 lupus

359 797 496 853 venit,
527 795 658 858 lupus
683 793 809 840 redit.
849 793 1075 858 Numquid
1101 793 1206 858 quia
1219 810 1342 840 ovem
1368 810 1457 841 non
1486 793 1612 851 tulit,
1637 793 1733 840 ideo

359 867 491 931 lupus
516 866 656 922 venit,
690 876 733 911 et
756 863 848 911 ovis
873 864 1008 910 redit?
1043 866 1195 929 Lupus
1217 864 1338 911 venit
1365 864 1577 922 fremens,
1603 864 1733 929 lupus

359 938 473 984 :redit
500 948 680 983 tremens
712 953 725 982 t
751 935 883 1000 lupus
905 947 968 983 est
997 947 1143 984 tamen
1170 946 1213 982 et
1240 935 1426 982 fremens
1458 947 1501 982 et
1529 947 1726 983 tremens,

358 1009 582 1067 Interroga
605 1023 704 1067 ergo
730 1017 798 1064 te,
823 1005 1021 1070 quisquis
1045 1006 1110 1054 vis
1124 1005 1349 1067 judicare3
1374 1017 1418 1053 et
1446 1006 1547 1052 vide
1568 1007 1605 1053 si
1627 1017 1733 1053 tune

359 1096 446 1125 non
474 1077 581 1124 facis
604 1076 737 1135 male,
762 1076 942 1142 quando
962 1087 1086 1142 potes
1107 1077 1247 1123 facere
1261 1113 1274 1134 ‚
1297 1087 1341 1123 et
1363 1076 1420 1124 ab
1445 1075 1624 1124 homine
1645 1094 1734 1124 nou

356 1148 505 1214 puniri
526 1166 537 1193 t
558 1159 665 1194 tunc
680 1147 807 1194 times
822 1148 981 1196 Deum.
1009 1148 1148 1194 Nemo
1164 1157 1226 1193 est
1241 1146 1323 1204 ibi,
1344 1146 1427 1193 nisi
1443 1157 1494 1194 tu
1511 1157 1554 1193 et
1579 1146 1650 1193 ille
1661 1147 1733 1194 cui

353 1219 461 1266 facis
484 1217 648 1264 malum
667 1255 678 1274 ‚
703 1227 746 1263 et
767 1217 883 1263 Deus
910 1216 987 1281 qui
1013 1216 1166 1263 ambos
1186 1216 1307 1264 videt
1330 1233 1342 1263 ε
1368 1216 1491 1274 vide,
1515 1215 1581 1264 ibi
1609 1215 1724 1264 time.

349 1290 515 1335 Parum
533 1299 596 1335 est
610 1287 731 1352 quod
748 1287 849 1334 dico
868 1305 879 1334 ε
913 1287 1038 1345 Vide,
1057 1287 1121 1334 ibi
1134 1288 1238 1333 time
1251 1286 1411 1333 malum
1433 1304 1444 1332 :
1467 1285 1532 1332 ibi
1548 1303 1644 1333 ama
1655 1287 1733 1332 bo-

355 1377 476 1408 num.
513 1360 625 1406 Nam
654 1358 821 1405 etiamsi
851 1359 1005 1405 timore
1038 1358 1251 1419 gehennae
1281 1375 1369 1404 non
1400 1356 1508 1403 iacis
1538 1357 1700 1403 malum
1718 1395 1728 1411 ,

354 1431 552 1477 nondum
577 1447 620 1476 es
645 1428 862 1493 perfectus
873 1428 908 1478 1.
940 1429 1091 1476 Audeo
1110 1428 1252 1476 dicere
1266 1466 1278 1486 ,
1299 1428 1334 1475 si
1353 1428 1507 1475 timore
1524 1426 1734 1488 gehennae

355 1519 445 1548 non
461 1500 566 1547 facis
588 1500 770 1555 malurn,
793 1510 857 1546 est
876 1499 1052 1564 quidem
1071 1499 1116 1546 in
1140 1510 1182 1545 te
1212 1499 1337 1556 fides,
1369 1497 1473 1563 quia
1496 1497 1636 1544 credis
1657 1497 1732 1544 fu-

351 1582 499 1618 turum
525 1570 606 1615 Dei
629 1586 716 1616 esse
732 1569 952 1630 judicium
977 1587 989 1616 :
1015 1569 1182 1630 gaudeo
1214 1569 1315 1616 fidei
1337 1580 1426 1616 tuae
1442 1605 1455 1626 ‚
1488 1567 1562 1614 sed
1586 1567 1734 1614 adhue

356 1641 489 1687 timeo
507 1637 690 1693 malitiae
716 1649 819 1686 tuae.
855 1638 977 1695 Quid
997 1649 1061 1684 est
1086 1638 1206 1702 quod
1229 1638 1349 1684 dixi?
1377 1637 1494 1695 Quia
1523 1636 1557 1683 si
1581 1637 1733 1683 timore

355 1710 565 1770 gehennae
576 1725 665 1754 non
674 1707 780 1754 facis
790 1706 972 1764 malum,
984 1724 1071 1753 non
1086 1724 1229 1753 amore
1235 1706 1419 1766 justitiae
1428 1706 1535 1753 facis
1545 1707 1709 1753 bonum
1717 1745 1726 1753 .

422 1781 501 1827 XI.
544 1777 676 1823 Aliud
699 1787 778 1834 est,
805 1775 955 1823 timere
966 1793 1170 1840 poenam3
1196 1776 1313 1822 aliud
1331 1786 1415 1833 est,
1439 1793 1581 1823 amare
1599 1777 1733 1838 justi-

349 1850 473 1897 tiam.
509 1849 649 1894 Amor
664 1858 808 1893 castus
831 1846 878 1892 in
900 1856 943 1892 te
966 1863 1052 1892 esse
1075 1846 1230 1904 debet,
1250 1863 1340 1911 quo
1360 1863 1504 1893 amore
1521 1847 1734 1895 desideres

350 1920 513 1974 videre,
540 1934 628 1963 non
651 1915 814 1963 coelum
836 1926 877 1962 et
897 1926 1059 1962 terram
1076 1953 1087 1972 ,
1109 1934 1197 1962 non
1221 1933 1399 1980 campos
1421 1916 1609 1981 liquidos
1635 1935 1732 1963 ma-

350 1990 430 2046 ris,
470 2005 558 2035 non
586 1986 835 2050 spectacula
864 1987 1119 2047 nugatoria,
1154 2004 1243 2033 non
1272 1986 1458 2047 fulgores
1486 1988 1732 2051 nitoresque

351 2074 654 2121 gemmarum:
681 2055 755 2103 sed
799 2055 996 2103 desidera
1031 2056 1177 2104 videre
1223 2057 1364 2102 Deum
1400 2066 1553 2114 tuum,
1589 2074 1733 2103 amare

350 2131 492 2176 Deum
526 2139 650 2174 tuum
682 2144 693 2173 ε
722 2126 825 2190 quia
852 2125 1021 2173 dictum
1045 2137 1108 2173 est
1134 2143 1147 2173 t
1176 2147 1197 2168 «
1223 2125 1519 2183 Dilectissimi‚
1547 2126 1625 2172 filii
1652 2128 1731 2172 Dei

354 2222 375 2244 »
394 2215 560 2255 summ,
586 2208 629 2244 et
644 2197 840 2243 nondum
856 2198 1062 2260 apparuit
1076 2196 1195 2261 quod
1211 2197 1388 2254 erimus,
1410 2197 1570 2243 scimus
1588 2208 1731 2247 autem

353 2293 375 2314 »
394 2271 496 2335 quia
512 2286 613 2315 eum
636 2268 905 2332 apparuerit,
935 2267 1093 2315 similes
1114 2267 1154 2314 ei
1170 2267 1347 2324 erimus,
1373 2266 1581 2331 quoniam
1605 2267 1731 2313 vide-

349 2363 370 2384 »
394 2341 539 2387 bimus
570 2355 669 2384 eum
692 2338 818 2383 sicuti
850 2338 952 2383 est2.
977 2358 997 2379 »
1023 2338 1135 2383 Ecce
1159 2346 1343 2400 propter
1366 2352 1500 2400 quam
1523 2336 1730 2383 visionem

344 2411 413 2458 fac
444 2410 635 2465 honum,
673 2424 775 2454 ecce
809 2417 991 2471 propter
1025 2424 1158 2470 quam
1183 2405 1275 2452 noli
1305 2405 1447 2452 facere
1469 2404 1648 2453 malum.
1683 2406 1730 2459 Si

348 2480 464 2527 enim
488 2496 603 2525 amas
627 2477 774 2525 videre
799 2478 942 2532 Deum
961 2487 1087 2523 tuum
1104 2514 1115 2533 ,
1150 2477 1185 2523 si
1211 2477 1256 2523 iu
1280 2476 1364 2522 hac
1385 2475 1729 2540 peregrinatione

339 2551 414 2607 illo
433 2566 578 2601 amore
597 2548 809 2613 suspira83
835 2565 934 2601 ecce
956 2547 1121 2612 probat
1148 2559 1190 2594 te
1218 2545 1431 2604 Dominus
1460 2547 1579 2603 Deus¹
1600 2556 1698 2608 tuus
1714 2584 1724 2604 ‚

392 2639 404 2664 1
419 2637 529 2671 Florus
542 2634 582 2670 ad
604 2634 710 2669 Hebr.
724 2645 789 2669 xxx.
802 2651 847 2660 --
861 2633 877 2658 ²
894 2647 907 2668 1
930 2637 1024 2669 Joan.
1040 2646 1089 2674 111,
1108 2647 1140 2670 α.
