1866 3241
453 315 540 367 130
853 331 887 363 5.
930 328 1165 371 Moesum
1204 329 1401 371 rrxseow

446 393 686 462 sauciaeque
708 403 889 446 naturae.
913 392 1074 446 Verum
1093 404 1155 438 est
1170 430 1181 449 ,
1205 410 1380 459 magnas
1403 393 1572 445 arbitrii
1589 392 1716 442 liberi
1737 394 1807 443 vi-

444 483 510 514 res
525 463 675 521 homo,
693 480 793 510 cum
803 462 1074 520 conderetur,
1101 462 1295 529 accepit3
1315 462 1387 509 sed
1405 464 1628 528 peccando
1646 466 1801 515 amisit.

444 537 497 584 In
519 544 700 585 mortem
732 532 879 597 lapsus
903 544 982 589 est„
1015 531 1212 585 infirmus
1240 532 1377 579 sactus
1409 544 1471 580 est
1489 572 1500 593 ‚
1523 554 1545 585 a
1566 534 1809 585 latronibus

443 607 670 659 semivivus
694 604 739 650 in
765 604 834 654 via
859 602 1032 653 relictus
1051 603 1148 656 est1
1179 622 1189 649 ι
1217 603 1261 650 in
1279 608 1525 665 jumentum
1545 623 1669 651 suum
1687 597 1808 652 leva-

440 679 505 724 vit
535 693 632 728 eum
657 673 864 725 transiens
891 673 1184 727 Samaritanus
1206 711 1216 723 ,
1240 673 1358 736 quod
1377 668 1683 737 interpretatur
1705 693 1808 722 cus—

439 758 534 801 tos3
573 745 627 791 ad
664 742 880 789 stabulum
917 742 1063 795 adhue
1105 743 1373 821 pelducitur.
1407 745 1525 800 Ouid
1560 745 1805 822 ‹xtuolliturP

439 816 599 863 Adhuc
628 823 818 859 curatm.
848 812 932 860 Sed
949 812 1124 870 sufficit,
1144 813 1313 876 inquit,
1339 809 1448 866 mihi
1476 814 1630 877 quod
1620 833 1664 860 in
1690 816 1807 879 bap-

438 887 566 934 tismo
590 899 739 947 accepi
751 899 1039 931 remissionem
1057 883 1250 937 omnium
1268 895 1560 946 peccatorum.
1583 885 1807 948 Numquid

441 956 541 1019 quia
575 954 712 1000 deleta
745 963 807 998 est
840 953 1074 1016 iniquitas,
1078 954 1222 1008 finita
1248 964 1309 998 est
1331 953 1586 1002 infirmitas?
1626 954 1804 1018 Accepi,

438 1024 597 1088 inquit,
620 1023 911 1068 remissionem
928 1023 1434 1091 omniumpmcatorum.
1458 1019 1638 1072 Prorsus
1658 1041 1805 1071 serum

437 1106 513 1142 est.
541 1093 688 1142 Deleta
713 1104 813 1139 sunt
833 1104 990 1141 cuneta
1009 1105 1187 1158 peccata
1210 1095 1256 1141 in
1276 1105 1542 1143 sacramento
1564 1089 1764 1158 baptism·
1758 1113 1807 1140 ι-
1848 1090 1850 1095 ’

440 1165 512 1221 tis,
540 1174 699 1212 cuncta
723 1181 776 1229 p]
779 1180 916 1218 orsus
943 1163 1077 1221 dicta,
1100 1164 1232 1221 facta,
1255 1165 1460 1241 cogitata,
1485 1174 1643 1209 cuncta
1671 1159 1806 1209 deleta
1846 1197 1847 1203 ,

439 1245 553 1280 sunt.
586 1233 666 1278 Sed
694 1233 781 1278 hoc
813 1244 874 1278 est
897 1234 1015 1296 quod
1034 1201 1232 1286 irifusum
1246 1244 1306 1279 est
1336 1233 1382 1279 in
1400 1233 1493 1289 via,
1521 1229 1660 1281 oleum
1685 1244 1726 1278 et
1747 1234 1808 1278 xi-

435 1320 555 1350 num
566 1301 1065 1359 Retinetis‚cllarissi1ni‚
1080 1304 1257 1352 semiviv
1248 1303 1447 1349 usillein
1458 1302 1808 1353 viaalationihus

435 1373 667 1428 sauciatus,
690 1370 911 1434 quomodo
927 1372 980 1417 sit
996 1372 1257 1429 consolatus,
1282 1373 1498 1435 accipiens
1515 1371 1657 1418 oleum
1678 1383 1719 1417 et
1738 1373 1807 1418 xi-
1835 1370 1840 1411 l

434 1460 542 1489 num
571 1441 825 1488 vulneribus
863 1442 962 1488 suis.
998 1442 1096 1489 Jam
1135 1443 1283 1506 utique
1308 1442 1440 1486 errori
1472 1446 1562 1500 ejus
1586 1441 1806 1494 indultum

433 1513 543 1569 fuit,
572 1523 614 1557 et
638 1522 783 1560 tamen
807 1522 985 1556 sanatur
1014 1510 1196 1571 languor
1215 1512 1260 1559 iu
1279 1511 1465 1558 stabulo.
1505 1511 1738 1558 Stabulum
1774 1512 1804 1556 si

435 1581 662 1642 agnoscitis
680 1617 690 1635 ,
718 1580 910 1625 Ecclesia
940 1592 1014 1628 est.
1044 1581 1277 1628 Stabulum
1305 1581 1435 1630 modo
1457 1618 1468 1637 ‚
1496 1581 1598 1644 quia
1622 1581 1806 1630 vivendo

433 1651 664 1697 transimus
696 1667 707 1694 ε
742 1648 897 1694 domus
941 1650 1049 1707 erit,
1086 1649 1201 1700 unde
1236 1667 1459 1713 nunquam
1494 1648 1803 1710 migrabimus,

434 1739 535 1771 cum
558 1720 612 1766 ad
638 1736 819 1779 regnum
843 1719 1055 1766 coelorum
1081 1721 1172 1769 sani
1204 1720 1535 1784 pervenerimus.
1563 1720 1740 1769 Interim
1761 1721 1805 1766 in

433 1790 604 1837 stabulo
624 1789 809 1835 libenter
827 1806 1047 1846 curemur,
1072 1808 1159 1840 non
1180 1791 1327 1835 adhuc
1350 1788 1544 1849 languidi
1558 1789 1611 1836 de
1628 1790 1807 1840 sanitate

435 1861 689 1921 gloriemur3
720 1876 773 1905 ne
800 1858 913 1912 nihil
933 1859 1050 1905 aliud
1081 1859 1371 1924 superbiendo
1391 1859 1602 1908 faciamus
1620 1897 1630 1916 ,
1657 1860 1737 1906 nisi
1759 1871 1805 1904 ut

435 1948 660 1994 nunquam
691 1929 885 1975 curando
910 1946 1124 1977 sanemur.

501 2001 534 2045 V
541 2002 599 2047 11.
624 2022 643 2040 «
665 1997 871 2055 BenediC,
899 1999 1041 2044 anima
1064 2017 1175 2055 mea,
1202 1997 1480 2050 Dominum?
1506 2020 1527 2039 ›>
1552 1998 1632 2046 Die
1651 2000 1824 2060 animae,

436 2081 539 2127 tuae,
566 2070 637 2115 dic
662 2087 672 2114 :
702 2068 861 2114 Adhuc
878 2069 924 2113 in
941 2068 1025 2114 hac
1045 2069 1133 2117 vita
1159 2085 1201 2113 es
1216 2106 1228 2125 ,
1249 2067 1394 2114 adhuc
1418 2085 1590 2116 carnem
1610 2062 1823 2128 fragiletn
1865 2104 1866 2115 ,

434 2150 598 2204 portas,
626 2138 773 2184 adhuc
814 2154 974 2201 corpus
1003 2138 1120 2203 quod
1143 2138 1438 2200 corrumpitur
1473 2149 1674 2197 aggravat
1707 2140 1804 2184 ani-

435 2229 553 2258 mam
571 2211 614 2268 ὃς
648 2208 795 2255 adhuc
815 2219 915 2271 post
930 2209 1220 2268 integritatem
1237 2207 1492 2253 remissionis
1512 2208 1716 2271 accepisti
1732 2227 1803 2256 re-

431 2278 882 2335 medium-orationi&
916 2277 1062 2323 adhuc
1094 2278 1242 2340 utique
1267 2276 1375 2322 dicis
1393 2314 1404 2333 ,
1431 2275 1569 2322 donec
1600 2290 1804 2324 sanentur
1865 2325 1866 2329 ,

431 2351 654 2410 languores
676 2348 755 2405 tui,
785 2369 804 2389 «
823 2348 1004 2401 Dimitte
1025 2347 1150 2393 nobis
1170 2347 1317 2396 debita
1336 2357 1478 2395 nostra
1493 2346 1526 2394 Λ.
1557 2369 1576 2388 »
1597 2347 1680 2393 Die
1701 2366 1801 2409 ergo
1863 2371 1866 2403 ι

434 2422 588 2467 animae
607 2431 710 2476 tuae,
731 2417 907 2464 humilis
922 2417 1062 2473 vallis‚
1088 2435 1175 2463 non
1195 2427 1358 2463 erectus
1383 2415 1503 2462 collis
1521 2437 1532 2469 3
1555 2417 1626 2463 dic
1648 2417 1815 2469 ιιῐιίιιιεεἰ
1863 2471 1866 2475 .

435 2502 522 2537 tuae
538 2529 548 2547 ,
572 2512 592 2532 «
617 2488 820 2545 Remedio,
852 2488 992 2534 anima
1014 2504 1125 2544 mea,
1151 2487 1409 2542 Dominum,
1436 2497 1477 2531 et
1496 2487 1581 2532 noli
1606 2487 1813 2536 oblivisci¹

481 2590 492 2613 ¹
524 2593 603 2626 Luc.
638 2600 683 2628 x,
713 2589 768 2619 30.
795 2602 842 2612 —
867 2585 883 2610 2
910 2587 989 2629 Psal.
1025 2597 1093 2628 ert,
1126 2597 1159 2621 t.
1189 2597 1235 2620 τὸ·
1264 2584 1278 2610 ³
1308 2590 1380 2630 Sap.
1410 2597 1464 2626 υς,
1489 2589 1543 2621 15.
1575 2602 1621 2613 -·
1653 2585 1668 2611 ⁴
1699 2591 1810 2637 Mau„
1844 2591 1846 2609 ¹

433 2653 495 2690 VI,
520 2653 572 2675 ια.
1808 2643 1809 2646 ’
