1866 3241
183 346 330 380 smmo
371 346 540 388 CLXVII,
577 346 633 379 DE
668 345 828 380 VERBIS
864 345 1018 379 APosT.
1059 346 1215 380 EPHES.
1256 348 1300 380 V·
1373 334 1466 397 427

33 409 35 455 Α
82 412 192 478 quid
211 413 373 462 amittis
397 423 446 462 ut
464 413 631 477 aliquid
654 412 836 469 habeas,
866 422 972 458 tunc
990 413 1129 462 emis:
1156 414 1277 477 quod
1301 413 1462 471 habes,

6 478 9 483 ¹
33 486 35 506 ³
80 493 281 547 emptum
300 494 391 537 θεῖς
417 483 537 546 quod
562 483 754 539 amittis,
783 482 976 546 pretium
1005 493 1082 532 est.
1114 483 1348 540 Quomodo
1370 501 1470 545 ergo

6 548 9 553 ¹
82 552 229 618 perdis
246 570 464 609 nummos,
482 564 531 599 ut
548 571 663 599 emas
688 553 770 602 tibi
788 552 988 616 aliquid3
1013 552 1074 598 sic
1090 553 1225 617 perde
1247 572 1466 612 nummos,

0 634 10 645 ¹*
31 623 34 647 *
83 633 134 673 ut
151 640 267 673 emas
287 623 370 673 tibi
389 623 593 686 quietem.
622 624 733 669 Ecce
750 622 838 671 hoc
856 633 919 668 est
942 633 1115 686 tempus
1134 623 1358 673 redimere.

31 701 33 762 ζ
151 693 228 741 IV.
265 694 557 744 Proverbium
590 704 744 740 notum
777 703 840 738 est
860 693 1079 745 Punicum
1098 730 1110 750 ,
1139 694 1259 757 quod
1293 695 1474 758 quidem

31 776 33 809 Ι
85 763 240 809 Latine
264 764 391 814 vohis
411 763 573 819 dicam,
599 764 703 826 quia
727 763 893 808 Punice
916 780 1005 815 non
1027 780 1176 815 omnes
1198 765 1346 814 nostis.
1378 766 1473 816 Pu.-

2 848 10 873 ῑ
30 859 33 875 ‹
85 834 234 879 nicum
249 834 364 879 enim
382 833 667 896 proverbium
687 843 749 878 est
764 833 997 895 antiquum
1021 850 1031 878 ε
1054 834 1296 879 Nummum
1317 835 1476 897 quaerit

85 903 354 968 pestilentia3
378 903 487 948 duos
510 903 572 948 illi
603 902 657 948 da
674 940 684 958 ‚
712 913 753 947 et
787 902 921 948 ducat
945 920 1001 949 se.
1027 903 1256 966 Numquid
1277 921 1364 949 non
1387 904 1475 950 hoc

31 976 33 978 ’
87 974 370 1038 proverbium
386 973 438 1019 de
460 973 694 1033 Evangelio
712 973 886 1019 videtur
902 976 1083 1019 natum?
1099 973 1212 1019 Nam
1229 974 1338 1038 quid
1358 974 1478 1021 aliud

30 1051 33 1089 ,ἰ
89 1043 196 1090 dixit
222 1043 454 1099 Dominus,
480 1060 612 1106 quam
640 1060 652 1088 ι
682 1065 702 1084 «
722 1043 1003 1089 Redimentes
1028 1053 1226 1107 tempus,
1251 1066 1272 1085 »
1299 1044 1478 1107 quando

90 1113 150 1159 ait
176 1130 188 1158 :
215 1133 235 1154 α
260 1113 306 1158 Si
325 1113 422 1175 quis
444 1112 541 1158 vult
552 1112 722 1172 J‘udicio
746 1123 892 1158 tecum
917 1113 1195 1170 contendere,
1219 1124 1262 1159 et
1283 1114 1478 1160 tunicam

31 1230 32 1233 ,
89 1203 111 1225 »
129 1193 251 1228 tuam
280 1182 429 1227 tollere
449 1219 460 1238 ‚
488 1182 657 1228 dimitte
689 1183 728 1228 ei
764 1193 807 1228 et
844 1182 1030 1246 pallium
1049 1182 1099 1228 1?
1119 1205 1140 1225 >2
1179 1183 1358 1230 Judicio
1383 1184 1482 1230 vult

2 1290 6 1300 .
30 1299 31 1306 ,
90 1264 240 1311 tecum
261 1253 538 1320 contendere,
568 1264 610 1302 et
632 1253 828 1300 tunicam
851 1264 972 1308 tuam
998 1253 1165 1312 tollere,
1187 1254 1283 1310 vult
1299 1272 1479 1309 avocare

92 1335 133 1380 te
154 1324 307 1380 litibus
334 1342 358 1371 a
385 1325 474 1371 Deo
501 1335 575 1378 tuo
598 1342 608 1369 ε
628 1342 716 1371 non
732 1324 920 1378 habebis
944 1325 1143 1388 quietum
1166 1342 1259 1382 cor,
1286 1343 1375 1380 non
1400 1326 1479 1372 ha-

0 1432 5 1443 ,
29 1431 31 1465 i
92 1396 219 1451 bebis
242 1395 529 1459 tranquillum
552 1395 766 1451 animum,
792 1396 994 1451 everteris
1014 1395 1356 1459 cogitationibus
1372 1396 1476 1453 tuis,

3 1466 6 1472 ’
26 1501 31 1521 ·.
93 1465 271 1512 irritatis
298 1464 500 1511 adversus
521 1465 664 1528 ipsum
683 1465 979 1519 adversarium
1006 1476 1146 1516 tuum.
1175 1467 1290 1519 Ecce
1308 1477 1481 1531 tempus

94 1534 340 1599 perdidisti.
375 1535 552 1591 Quanto
574 1552 674 1594 ergo
701 1534 856 1580 melius
878 1546 942 1580 est
961 1546 1010 1580 ut
1036 1553 1267 1581 nummum
1289 1537 1477 1592 amittas,

26 1597 31 1602 ⁴
92 1615 135 1651 et
157 1616 331 1668 tempus
366 1604 581 1650 redimas?
609 1606 778 1649 Fratres
800 1605 909 1660 mei,
934 1606 981 1650 in
1019 1606 1158 1651 causis
1184 1606 1334 1651 vestris
1371 1616 1413 1651 et
1435 1605 1479 1651 in

0 1716 3 1724 .
23 1677 25 1683 '
92 1672 275 1736 negotiis
293 1674 460 1731 vestris,
480 1675 656 1737 quando
677 1675 731 1720 ad
752 1692 828 1720 nos
842 1675 1084 1734 judicanda
1104 1676 1302 1733 veniunt,
1330 1677 1364 1721 si
1387 1676 1476 1722 ho-

93 1745 202 1798 mini
226 1744 466 1799 christiano
489 1744 613 1801 dico,
642 1756 690 1790 ut
714 1762 796 1808 pro
822 1755 1016 1808 tempore
1040 1745 1294 1795 redimendo
1324 1745 1480 1810 perdat

95 1813 263 1877 aliquid
295 1830 448 1866 suum;
474 1824 637 1877 quanto
663 1821 827 1874 majore
859 1831 964 1859 cura
990 1825 1031 1860 et
1064 1815 1227 1861 fiducia
1248 1815 1386 1861 debeo
1409 1816 1483 1861 di-

95 1883 207 1940 cere,
228 1894 277 1929 ut
295 1883 451 1929 reddat
473 1883 688 1929 alienum?
712 1884 877 1929 Ambos
897 1884 1012 1930 enim
1030 1884 1300 1930 Christianos
1327 1885 1473 1932 audio.

95 1954 195 1999 Jam
222 1953 292 2000 ille
315 1953 623 2010 calumniosus,
651 1953 727 2016 qui
750 1953 846 1999 vult
866 1953 986 1999 alteri
1010 1953 1150 1999 facere
1177 1971 1353 2005 causam
1372 1955 1410 2010 2,
1439 1965 1484 2000 et

95 2023 244 2070 tollere
259 2024 316 2069 ab
334 2023 408 2069 illo
426 2023 494 2070 vel
509 2041 590 2087 pro
610 2024 941 2087 compositione,
966 2023 1125 2083 gaudet
1151 2023 1206 2069 ad
1222 2024 1304 2069 ista
1324 2025 1474 2071 verba.

97 2094 329 2159 Apostolus
366 2094 509 2140 dixit‘:
537 2115 557 2135 «
578 2094 857 2140 Redimentes
903 2105 1077 2158 tempus
1095 2131 1106 2150 ‚
1146 2094 1355 2158 quoniam
1392 2095 1483 2146 dics

98 2186 119 2207 »
139 2163 246 2211 ⁴mali
263 2175 375 2212 sunt.
405 2187 424 2207 n
445 2165 575 2210 Facio
594 2182 694 2225 ergo
713 2164 979 2210 calumniam
999 2164 1249 2210 Christiano
1262 2164 1326 2210 illi
1341 2202 1352 2221 ‚
1379 2164 1485 2210 velit

95 2236 223 2290 nolit,
251 2235 328 2281 dat
350 2235 464 2280 mibi
487 2235 656 2298 aliquid
682 2245 730 2280 ut
757 2245 930 2298 tempus
947 2233 1157 2290 redimat,
1184 2234 1288 2297 quia
1313 2235 1488 2298 episco—

0 2350 2 2360 ,
26 2313 29 2319 “
97 2321 206 2369 pum
227 2302 409 2348 audivit.
436 2305 521 2347 Die
547 2305 689 2359 mihi,
714 2305 749 2350 si
771 2305 834 2350 illi
854 2305 1052 2350 dicturus
1074 2322 1170 2350 sum
1195 2322 1206 2349 z
1236 2304 1374 2350 Perde
1401 2304 1484 2350 ali-

22 2431 24 2434 ,
99 2373 224 2438 quid,
252 2383 302 2427 ut
321 2372 375 2418 sis
399 2371 582 2426 otiosus;
603 2372 683 2417 tibi
700 2390 789 2418 non
809 2390 905 2419 sum
928 2375 1126 2419 dicturus
1149 2392 1161 2418 ι
1184 2374 1480 2430 calumniose,

25 2481 27 2484 .
98 2444 268 2510 perdite
286 2481 298 2500 ,
325 2443 389 2499 fili
417 2442 610 2499 diaboli,
639 2459 772 2506 quare
810 2461 874 2489 res
914 2443 1072 2489 ahenas
1097 2443 1484 2497 auferremoliris?

0 2553 3 2559 .
101 2513 289 2570 Causam
311 2530 400 2559 non
425 2512 580 2569 habes,
605 2512 663 2569 et*
680 2512 898 2571 calumnia
923 2513 1079 2576 plenus
1118 2530 1175 2559 es.
1207 2513 1254 2559 Si
1288 2530 1388 2577 ergo
1423 2514 1487 2560 illi

101 2585 245 2632 dixero
273 2602 286 2630 t
312 2583 384 2631 Illi
412 2583 469 2630 da
496 2583 687 2648 aliquid,
724 2595 774 2630 ut
796 2584 972 2631 recedat
1003 2603 1026 2630 a
1057 2583 1279 2639 calumnia
1292 2604 1309 2640 ·;
1335 2595 1385 2632 tu
1411 2585 1490 2637 ubi

149 2674 163 2699 ²
179 2674 298 2708 Matth.
313 2684 345 2715 ν,
356 2681 415 2712 ao.
425 2690 474 2699 —
485 2672 503 2696 ²
522 2676 616 2705 Forte
636 2673 841 2713 calumniam.
