1866 3241
239 247 380 277 SERMO
416 245 557 284 cxvu,
596 245 651 273 DE
688 244 846 273 vssnssts
881 242 1043 273 EVANG.
1089 243 1219 274 JOAN.
1261 244 1292 275 1.
1416 227 1474 276 23

97 311 216 376 quod
240 311 356 365 dico,
381 328 467 356 non
491 326 614 373 posse
633 307 876 372 comparari
904 309 1154 371 temporalia
1177 310 1376 365 aeteriiis3
1401 310 1476 357 sed

97 398 220 446 posse
258 398 304 426 ex
338 380 482 444 aliqua
518 379 634 425 tenui
670 389 712 424 et
745 396 879 443 parva
912 377 1194 423 similitudine
1218 396 1365 426 coaeva
1404 397 1477 427 co-

90 452 275 498 aeterniS.
298 452 578 497 Inveniamus
594 451 740 514 itaque
759 466 923 506 coaeva,
939 449 1048 495 etde
1064 449 1300 514 Scripturis
1321 452 1476 499 admo-

94 538 273 568 neamur
302 521 356 568 ad
387 521 466 567 has
495 521 818 567 similitudines
850 520 1051 580 Legimus
1086 520 1131 566 in
1165 521 1401 585 Scripturis
1423 523 1478 569 de

95 593 190 658 ipsa
212 592 434 656 Sapientia
451 630 462 649 ‚
494 613 515 634 «
538 592 716 638 Candor
749 602 811 637 est
834 592 949 637 enim
975 591 1084 637 lucis
1107 602 1293 639 aeternae.
1323 614 1342 634 ›>
1368 594 1478 639 ltem

96 664 296 725 legimus,
322 685 343 706 α
364 663 601 728 Speculum
623 663 713 710 sine
736 663 905 710 macula
932 664 1009 709 Dei
1028 664 1258 724 majestatis
1275 663 1308 711 ¹1.
1333 686 1352 705 n
1378 666 1479 729 Ipsa

97 735 320 799 Sapientia
341 734 459 780 dicta
482 745 544 780 est
568 734 734 781 candor
756 734 866 781 lucis
891 745 1082 792 aeternae,
1110 735 1228 781 dicta
1251 746 1314 781 est
1335 736 1478 797 imago

98 805 239 852 Patris
264 823 275 851 ε
298 805 407 852 hinc
445 805 669 869 capiamus
705 804 1033 851 similitudinem
1056 843 1067 863 ,
1118 816 1167 851 ut
1208 805 1480 852 inveniamus

98 877 270 932 coaeva,
299 892 348 921 ex
373 875 535 939 quibus
567 875 858 937 intelligamus
887 887 1116 923 coaeterna.
1153 881 1191 922 Ο
1230 877 1413 934 Ariane,
1444 877 1480 923 si

95 946 298 992 invenero
334 946 569 1007 genitorem
600 964 688 993 non
720 946 967 1011 praecedere
992 958 1185 1012 tempore
1210 947 1320 994 illud
1359 947 1481 1013 quod

99 1016 262 1078 genuit,
285 1017 319 1063 si
340 1018 531 1078 genitum
559 1035 647 1064 non
669 1036 756 1064 esse
784 1019 992 1065 minorem
1026 1029 1219 1083 tempore
1243 1020 1318 1066 illo
1346 1038 1369 1066 a
1392 1038 1480 1084 quo

99 1097 322 1149 generatus
339 1098 401 1134 est
419 1126 430 1146 ,
449 1092 616 1149 justum
633 1100 695 1135 est
709 1099 757 1135 ut
776 1089 989 1135 concedas
1004 1090 1113 1135 mihi
1128 1107 1251 1154 posse
1270 1091 1349 1136 ista
1361 1107 1481 1136 coae-

98 1168 219 1204 terna
246 1157 428 1205 inveniri
448 1159 493 1205 in
514 1160 734 1216 Creatore,
758 1158 936 1223 quando
955 1176 1102 1206 coaeva
1124 1161 1170 1206 in
1190 1171 1387 1206 creatura
1408 1161 1480 1207 in-

98 1228 235 1274 veniri
270 1239 521 1293 potuerunt.
567 1231 594 1275 J
598 1248 667 1276 am
689 1230 867 1294 quidem
905 1230 1125 1295 aliquibus
1163 1231 1370 1278 fratribus
1394 1232 1481 1279 hoc

99 1316 324 1345 occurrere
347 1311 471 1364 puto.
513 1301 625 1346 Nam
655 1311 961 1364 praevenerunt
992 1300 1126 1364 aliqui
1164 1319 1213 1347 ex
1252 1319 1340 1366 quo
1361 1302 1476 1359 dixi,

100 1392 121 1411 c<
136 1370 313 1416 Candor
325 1381 387 1416 est
397 1371 512 1416 enim
526 1370 637 1416 lucis
651 1381 838 1419 aeternae.
860 1392 882 1413 >2
899 1371 1016 1431 Ignis
1026 1373 1141 1417 enim
1154 1373 1297 1418 lucem
1314 1373 1477 1430 fundit,

99 1440 171 1486 lux
196 1440 252 1486 ab
271 1441 369 1500 igne
387 1441 602 1487 funditur.
635 1440 755 1497 Quid
775 1459 799 1486 a
821 1458 910 1504 quo
929 1441 1105 1498 existat,
1140 1443 1175 1488 si
1203 1460 1451 1507 quaeramus
1465 1481 1478 1500 ,

101 1511 294 1575 quotidie
309 1529 410 1558 cum
423 1512 647 1557 lucernam
671 1511 949 1558 accendimus
961 1512 1312 1560 admonemurrei
1330 1518 1481 1575 cujus-

101 1582 202 1628 dam
221 1582 449 1628 invisibilis
481 1592 523 1627 et
545 1582 874 1639 inenarrabilis,
900 1593 948 1628 ut
975 1582 1154 1630 lucerna
1190 1584 1334 1648 aliqua
1351 1584 1482 1631 intel-

100 1653 286 1714 ligentiae
320 1664 478 1699 nostrae
501 1653 547 1699 in
568 1653 649 1700 ista
672 1664 800 1700 nocte
826 1654 974 1700 saeculi
998 1655 1135 1718 possit
1162 1656 1359 1703 accendi.
1399 1658 1481 1702 At-

100 1724 227 1770 tende
249 1742 348 1770 eum
373 1725 449 1788 qui
465 1725 685 1771 lucernam
704 1724 916 1772 accendit.
949 1726 1047 1771 Non
1078 1744 1255 1773 accensa
1281 1727 1478 1784 lucerna,

101 1796 298 1842 nondum
323 1806 383 1842 est
402 1796 528 1857 igniS‚
554 1795 752 1842 nondum
778 1807 840 1842 est
859 1806 902 1842 et
924 1796 1069 1857 fulgor
1091 1798 1166 1862 qui
1185 1799 1242 1845 ab
1261 1799 1359 1859 igne
1377 1800 1474 1846 exit.

102 1868 324 1929 Interrogo
349 1878 491 1914 autem
512 1885 607 1928 ego,
638 1879 681 1914 et
697 1868 797 1914 dico
822 1885 834 1914 ι
868 1868 1026 1929 Fulgor
1048 1869 1104 1915 ab
1128 1871 1225 1931 igne
1242 1871 1396 1926 existit,
1425 1890 1481 1917 an

100 1938 210 1999 ignis
248 1956 272 1984 a
297 1937 499 1999 fulgore?
531 1939 687 1985 Omnis
721 1940 865 1986 anima
899 1939 1009 1986 mihi
1051 1941 1284 2004 respondet
1315 1942 1483 2005 (voluit

103 2009 218 2055 enim
235 2010 351 2054 Deus
370 2009 624 2055 inseminare
647 2010 765 2056 omni
787 2010 853 2056 ani
862 2028 942 2057 mae
965 2010 1088 2057 initia
1110 2012 1371 2070 intellectus,
1393 2014 1482 2060 ini-

103 2080 164 2126 tia
186 2078 442 2144 sapientiae)
469 2117 480 2136 ,
509 2080 648 2126 omnis
683 2080 794 2126 mihi
829 2081 972 2127 anima
1004 2083 1262 2146 respondet,
1291 2095 1333 2130 et
1358 2103 1485 2132 nemo

105 2150 306 2206 dubitat,
328 2149 448 2214 quod
480 2149 687 2214 splendor
708 2150 780 2197 ille
805 2150 859 2197 de
890 2151 988 2212 igne
1010 2152 1165 2209 existit,
1191 2171 1279 2200 non
1303 2156 1411 2215 ignis
1432 2157 1485 2202 de

105 2220 345 2287 splendore.
375 2222 594 2267 Ponamus
611 2238 711 2282 ergo
729 2221 872 2282 ignem
889 2232 1058 2286 patrem
1075 2223 1190 2269 illius
1210 2225 1452 2288 splendoris
1469 2247 1479 2274 z

104 2293 205 2358 quia
229 2295 321 2353 jam
336 2290 567 2356 praelocuti
590 2309 738 2338 sumus
761 2309 909 2339 coaeva
932 2310 1009 2339 nos
1033 2310 1242 2358 quaerere,
1271 2314 1358 2343 non
1392 2316 1447 2344 o-

106 2375 279 2410 aeterna.
317 2362 361 2409 Si
384 2362 606 2409 lucernam
634 2363 867 2410 accendere
897 2365 1031 2429 cupio
1049 2402 1061 2421 ,
1085 2366 1281 2413 nondum
1321 2379 1385 2416 est
1420 2371 1484 2417 ibi

106 2434 232 2495 ignis,
254 2433 450 2480 nondum
472 2443 515 2479 et
533 2433 604 2480 ille
625 2433 832 2498 splendor
853 2451 866 2481 ι
890 2453 987 2482 mox
1001 2446 1144 2483 autem
1164 2449 1213 2484 ut
1224 2440 1482 2491 accendero.

107 2504 235 2552 simul
256 2521 358 2552 cum
391 2504 490 2566 igne
517 2515 561 2551 et
584 2505 791 2570 splendor
816 2506 967 2555 existit.
998 2508 1065 2554 Da
1096 2507 1171 2556 hic
1202 2510 1311 2558 mihi
1338 2512 1482 2574 ignem

158 2598 167 2621 ¹
187 2600 257 2642 Sap.
277 2608 335 2637 vu,
358 2598 410 2629 26.
