1866 3241
171 334 315 366 sunno
351 335 498 377 crxvr,
537 335 594 368 DE
630 336 792 368 vmims
828 335 980 368 APOST.
1025 337 1180 369 EPHES.
1223 338 1283 370 1v.
1340 320 1451 380 ‘423

30 398 31 401 ’
67 419 90 442 >>
113 415 207 445 sum
224 400 372 454 Pauli3
400 400 509 447 alius
539 412 706 458 autern,
742 403 833 462 Ego
860 401 1045 464 Apollo;
1075 419 1217 448 nonne
1250 403 1449 449 homines

67 489 88 512 >2
113 470 212 516 estis
227 468 276 515 ip
297 492 317 512 »
348 471 622 535 Exprobrans
643 483 685 517 et
707 473 943 532 objurgans
964 472 1024 517 ait
1048 489 1058 516 :
1087 494 1107 513 α
1128 473 1282 518 Nonne
1299 473 1448 519 homi-

28 552 29 555 ’
68 560 90 583 »
118 556 191 585 nes
213 540 343 586 estis?
367 561 388 581 >³
414 541 534 597 Quid
564 559 663 602 ergo
695 559 764 587 eos
793 542 886 587 fieri
922 541 1121 598 volebat,
1148 542 1229 588 nisi
1264 543 1381 606 quod
1402 543 1447 589 in

67 609 242 660 Psalmo
258 610 420 658 dicitur
447 629 457 656 ε
485 633 503 653 α
530 614 622 672 Ego
639 612 844 658 dixi:.Dii
868 612 966 657 estis
989 622 1030 657 et
1046 612 1123 657 filii
1145 612 1412 659 Altissimi2?
1431 634 1454 656 >›

28 674 29 678 ¹
68 680 164 726 Hoc
188 681 365 744 quidem
399 682 507 727 dixit
530 683 646 728 Deus
671 700 680 727 :
711 682 763 728 ad
791 682 877 728 hoc
901 682 1016 729 enim
1047 693 1188 729 vocat.
1227 682 1312 728 Sed
1344 683 1452 746 quid

68 751 317 811 subjunxit?
346 774 367 794 c<
382 752 468 798 Vos
487 764 630 799 autem
650 753 972 799 sicuthomines
992 753 1255 809 moriemini,
1279 764 1321 798 et
1339 754 1451 799 sicut

0 883 2 893 y
70 843 90 863 »
114 839 226 868 unus
249 821 303 868 de
326 823 604 887 principibus
624 824 801 871 cadetis.
830 846 849 865 ›>
875 825 930 869 Et
953 824 1018 869 ibi
1042 824 1336 887 opprobrium
1365 824 1451 869 ob·-

63 895 229 952 jcctum
251 904 331 947 est,
354 911 455 939 cum
483 894 646 941 dicitur
670 913 680 940 z
709 916 729 936 «
748 895 834 941 Vos
853 905 997 940 autem
1016 894 1128 940 sicut
1148 894 1346 940 homines
1364 911 1457 940 mo-

0 958 2 965 ’
69 983 90 1004 n
113 963 299 1010 riemini.
326 985 345 1005 »
369 964 513 1010 Homo
544 965 660 1011 enim
696 965 863 1020 Adam,
886 975 929 1010 et
961 982 1049 1010 non
1079 964 1195 1010 filius
1221 964 1412 1010 hominis
1439 982 1448 1008 ε

70 1031 274 1080 Christus
299 1043 444 1081 autem
477 1034 592 1080 filius
614 1035 805 1081 hominis
823 1071 834 1091 ,
855 1045 898 1080 et
914 1035 1044 1081 DeUS.
1072 1034 1141 1080 Ad
1176 1034 1455 1081 mendacium

67 1113 191 1153 vetus
213 1103 347 1153 homo
375 1105 586 1168 pertinet,
614 1106 659 1152 id
682 1117 761 1163 est,
787 1106 954 1159 Ada1n;
988 1105 1043 1151 ad
1065 1105 1291 1151 veritatem
1315 1122 1454 1152 novus

68 1172 202 1221 homo
226 1174 341 1223 filius
362 1174 574 1233 hominis,
603 1176 691 1223 hoc
709 1187 788 1234 est,
816 1175 1018 1222 Christus
1038 1176 1169 1222 Deus.
1207 1175 1253 1221 Si
1274 1175 1456 1238 deponis

5 1266 18 1285 η
68 1243 372 1302 mendacium,
411 1262 514 1292 exue
547 1245 714 1300 Adam3
743 1247 777 1292 si
808 1246 998 1309 loqueris
1033 1245 1259 1292 veritatem
1279 1282 1289 1302 ,
1320 1244 1454 1291 indue

4 1366 7 1369 Δ
69 1313 298 1363 Christum
319 1333 330 1363 ε
356 1326 496 1362 etnon
509 1316 590 1365 tibi
607 1327 736 1363 erunt
748 1317 966 1363 contraria
984 1333 1084 1380 quae
1094 1315 1225 1362 modo
1244 1316 1290 1361 in
1306 1315 1455 1380 Scrip-

0 1427 2 1430 ,
68 1383 176 1434 turis
200 1396 300 1433 suut
321 1386 477 1449 posita.
510 1387 628 1442 Quia
646 1397 689 1432 et
713 1387 946 1451 Apostolus
964 1385 1206 1432 exuendum
1230 1385 1455 1432 hominem

3 1492 26 1516 1,
68 1465 256 1503 veterem
289 1466 332 1503 et
362 1456 636 1504 induendum
661 1475 825 1504 novum
850 1475 1052 1514 monenS,
1081 1457 1189 1503 dicit
1216 1474 1227 1502 ε
1255 1478 1275 1499 ε(
1298 1457 1452 1520 Depo—

14 1518 27 1557 Ῠ
71 1545 92 1570 ,»
110 1536 258 1573 nentes
274 1526 575 1584 mendacium,
601 1527 833 1591 loquimini
854 1528 1078 1575 veritatem
1102 1545 1113 1572 :
1141 1549 1163 1568 »
1187 1537 1230 1572 et
1252 1526 1452 1572 Psalmus

2 1597 6 1602 ’
69 1595 164 1643 illos
190 1596 455 1644 admonebat
471 1609 514 1644 et
535 1597 796 1661 plangebat,
828 1599 904 1662 qui
927 1598 1119 1644 nolentes
1139 1614 1287 1643 exuere
1310 1597 1451 1643 Adam

6 1688 25 1707 rw
70 1676 112 1713 et
134 1667 314 1714 induere
332 1668 576 1725 Christum,
602 1685 690 1714 non
712 1670 812 1715 novi
833 1669 1049 1724 homines,
1071 1667 1144 1714 sed
1168 1679 1339 1714 tantum
1363 1668 1452 1714 ho-

2 1754 8 1762 ·
70 1736 546 1802 minesessecupiebant
565 1758 575 1792 ;
597 1738 802 1802 qualibus
825 1739 987 1784 dicitur
1011 1756 1021 1783 :
1051 1739 1236 1784 «Nonne
1252 1738 1452 1784 homines

22 1815 25 1842 ἴ
71 1827 94 1854 >2
115 1808 244 1854 estis?
261 1830 282 1850 ›‚
307 1809 420 1855 Etin
441 1826 517 1855 vos
535 1809 787 1872 caditquod
811 1809 1075 1855 dictumest:
1103 1830 1123 1850 α
1146 1809 1301 1854 Omnis
1318 1809 1452 1854 homo

73 1899 94 1920 ›>
117 1879 314 1926 mendax.
344 1901 365 1922 »

138 1950 221 1997 III.
253 1949 300 1995 Si
329 1950 463 1995 homo
500 1950 564 1996 vis
594 1966 709 2005 esse,
742 1949 925 1994 mendax
956 1949 1050 1995 cris.
1093 1948 1192 1994 Noli
1226 1948 1334 1995 velle
1367 1965 1454 1995 esse

8 2066 9 2070 ,
71 2019 223 2076 homo,
249 2030 290 2065 et
311 2037 400 2067 non
425 2020 505 2066 eris
529 2019 724 2066 mendax.
761 2020 899 2065 Indue
927 2019 1155 2064 Christum
1173 2056 1184 2075 ,
1212 2030 1254 2064 et
1269 2019 1351 2065 eris
1373 2036 1453 2065 ve-

5 2088 12 2142 J
72 2107 145 2135 rax
168 2108 178 2135 :
209 2102 257 2137 ut
280 2107 381 2154 quae
407 2090 580 2136 locutus
604 2090 753 2145 fueris,
779 2108 865 2135 non
894 2101 967 2135 tua
998 2091 1083 2135 sint
1105 2090 1228 2152 quasi
1251 2090 1449 2154 propria,

8 2152 23 2203 v}
72 2170 114 2205 et
133 2160 212 2207 abs
234 2171 274 2206 te
296 2161 511 2217 instituta,
536 2160 609 2206 sed
629 2160 884 2205 illustrantis
903 2170 944 2204 te
969 2170 1011 2204 ct
1033 2158 1317 2205 illuminantis
1336 2159 1455 2206 veri-

7 2250 23 2292 '¹2
72 2230 186 2276 tatis.
218 2222 342 2277 Nam¹
368 2232 403 2277 si
429 2231 682 2295 spoliaberis
713 2231 876 2277 lumine
895 2268 905 2287 ,
937 2230 1179 2275 remanebis
1202 2230 1248 2275 in
1270 2230 1458 2276 tenebris

10 2323 23 2364 *3
74 2300 182 2354 tuis,
212 2309 255 2344 et
287 2316 376 2345 non
398 2301 560 2362 poteris
584 2301 665 2346 nisi
699 2300 924 2346 mendacia
951 2299 1087 2362 loqui.
1120 2299 1193 2344 Ait
1228 2299 1343 2344 enim
1366 2300 1459 2362 ipse

2 2396 23 2435 ι1
75 2368 288 2415 Dominus
307 2387 319 2415 ι
335 2390 356 2411 (ι
368 2369 457 2426 Qui
473 2369 668 2432 loquitur
678 2369 973 2425 mendacium,
996 2370 1050 2414 de
1064 2386 1141 2414 suo
1158 2368 1349 2431 loquitur
1363 2368 1380 2397 2⁹³
1400 2387 1410 2414 :
1434 2390 1455 2411 »

76 2440 180 2504 quia
202 2461 223 2482 <c
245 2440 402 2485 Omnis
423 2440 558 2485 homo
577 2439 772 2487 mendax.
800 2460 820 2481 >³
847 2441 936 2496 Qui
953 2456 1052 2499 ergo
1075 2439 1271 2501 loquitur
1292 2440 1456 2486 verita-

79 2522 190 2567 tem,
219 2528 309 2556 non
348 2510 401 2556 de
436 2527 513 2556 suo
546 2510 764 2573 loquitur,
793 2511 866 2556 sed
916 2510 969 2555 de
1002 2510 1094 2556 Dei.
1133 2510 1231 2555 Non
1273 2510 1452 2573 quidem

78 2582 154 2639 ita,
179 2592 228 2628 ut
250 2597 351 2628 eum
375 2581 498 2646 loqui
523 2581 721 2628 dicamus
751 2581 889 2628 aliena
909 2599 920 2626 ε
945 2581 1056 2626 fiunt
1079 2580 1194 2626 enim
1220 2596 1296 2627 sua
1315 2619 1326 2638 ,
1353 2597 1456 2636 cum

127 2670 136 2691 ¹
159 2681 170 2700 1
189 2672 266 2703 Cor.
289 2679 340 2710 111,
354 2671 386 2708 3,
405 2676 436 2708 4.
452 2686 500 2694 ·-
515 2667 532 2692 2
550 2670 630 2702 Psal.
644 2680 755 2708 Lxxxx,
775 2670 807 2702 6.
821 2687 866 2694 -
882 2667 898 2692 3
915 2671 1010 2702 Joan.
1031 2679 1103 2707 vm,
1123 2674 1178 2705 44.
