1866 3241
188 211 332 240 SERMO
367 209 513 249 CLXIV,
552 208 608 238 DE
644 208 801 239 VERBIS
837 207 991 238 APOST.
1035 208 1190 239 GALAT.
1232 209 1292 241 Vl.
1365 194 1464 255 [209

84 286 125 321 et
146 276 236 340 ipsc
259 293 368 321 onus
394 286 537 331 tuum,
562 274 682 338 quod
708 284 891 321 vocatur
916 273 1017 337 plus
1042 273 1219 321 habere.
1251 275 1352 320 Duo
1375 292 1475 320 3111-

83 345 243 391 hulatis
270 345 385 391 viam
407 346 487 390 Dei
509 345 553 390 in
574 345 918 408 peregrinatione
942 343 1075 404 hujus
1096 343 1244 390 saeculi
1262 362 1273 390 t
1297 355 1342 390 tu
1361 363 1469 408 por-

84 417 205 461 tabas
239 426 438 479 sumptus
468 433 645 475 magnos
679 415 946 478 superfluos5
981 414 1052 460 ille
1088 425 1233 460 autem
1267 427 1470 479 sumptus

83 504 169 534 non
191 487 385 532 habebat
411 505 420 531 ε
445 486 632 532 adhaesit
660 487 759 543 tibi,
787 504 930 532 comes
953 496 1052 531 tuus
1075 503 1160 530 0550
1182 485 1433 532 desiderans
1453 505 1465 531 ι

84 556 170 603 11011
195 557 422 617 negligere,
451 557 541 603 noli
565 575 780 620 spernere,
817 557 905 603 noli
927 556 1181 619 relinquere.
1217 556 1317 601 Non
1344 557 1465 603 vides

85 638 296 690 quantum
327 630 499 691 portes?
527 627 649 673 Nihil
676 628 872 690 portanti
899 638 940 672 et
968 644 1059 672 non
1083 626 1267 672 habenti
1289 626 1344 672 da
1368 627 1468 673 inde

85 696 266 759 aliquid.
289 707 330 742 et
348 697 551 742 comitem
576 696 822 757 adjuvabis,
842 707 885 743 et
901 708 941 742 te
959 696 1183 743 revelabis.
1221 696 1470 761 Apostolica

83 766 290 811 sententia
315 767 433 822 satis,
460 778 673 830 quantum
699 768 873 831 opinor,
898 768 1090 830 exposita
1114 778 1190 814 est.

147 838 198 883 X.
247 837 277 881 N
287 854 342 882 on
354 837 479 883 vobis
491 838 631 883 fumos
644 838 834 884 vendant
847 839 922 902 qui
934 838 1089 884 dicunt
1106 855 1117 883 z
1137 837 1284 884 Sancti
1296 855 1463 896 sumus,

83 925 170 952 11011
194 918 419 971 portamus
435 910 624 954 sarcinas
641 920 818 966 vestras,
845 909 943 955 ideo
966 910 1090 955 vobis
1115 926 1202 954 non
1220 910 1466 955 communi-

84 996 244 1024 camus.
282 983 468 1038 Majores
496 979 566 1025 isti
594 991 772 1044 portant
797 981 984 1027 sarcinas
1010 980 1256 1035 divisionis,
1283 984 1466 1040 majores

82 1060 261 1111 portant
277 1050 464 1095 sarcinas
477 1051 764 1114 praecisionis,
785 1052 973 1097 sarcinas
995 1050 1255 1106 schismatis,
1279 1051 1466 1096 sarcinas

84 1119 276 1176 hzeresis,
302 1120 492 1166 sarcinas
516 1120 807 1178 dissensionis,
836 1122 1025 1167 sarcinas
1048 1120 1350 1178 animositatis,
1376 1138 1473 1166 sar-

84 1189 201 1234 cinas
232 1189 438 1236 falsorum
470 1192 841 1248 testimoniorum,
877 1192 1067 1237 sarcinas
1103 1191 1471 1237 calumniosarum

85 1259 451 1308 criminationum.
486 1262 593 1307 Istas
616 1263 804 1308 sarcinas
828 1262 974 1308 conati
995 1279 1161 1318 sumus,
1195 1272 1236 1307 et
1261 1279 1472 1308 conamur

84 1329 299 1392 deponere
320 1330 373 1376 de
394 1331 587 1377 humeris
604 1332 789 1378 fratrum
815 1343 1075 1379 nostrorum.
1110 1331 1181 1377 Illi
1206 1343 1353 1378 amant
1374 1332 1469 1378 illas

85 1410 272 1446 tenentes
304 1401 359 1447 ad
389 1419 447 1451 se.
481 1402 666 1448 minores
697 1420 783 1448 esse
811 1403 984 1459 nolunt,
1021 1401 1124 1465 quia
1158 1401 1263 1466 ipsis
1292 1402 1471 1448 sarcinis

88 1481 350 1519 tumuerunt.
383 1473 493 1517 Nam
519 1483 559 1517 et
588 1474 663 1536 qui
689 1474 816 1537 ponit
843 1474 1057 1519 sarcinam
1076 1510 1086 1528 ,
1123 1489 1253 1535 quarn
1277 1473 1473 1533 gestabat

85 1541 213 1597 collo,
234 1542 357 1606 quasi
375 1543 518 1588 minor
536 1544 611 1597 fit;
637 1544 711 1589 sed
733 1544 907 1608 pondus
930 1544 1096 1608 posuit,
1129 1560 1219 1589 11011
1238 1554 1462 1590 staturam.

150 1613 226 1659 xl.
271 1612 357 1658 Sed
381 1630 475 1673 ego,
499 1613 661 1677 inquis,
686 1632 774 1660 non
793 1614 1073 1660 communico
1091 1614 1283 1678 peccatis
1305 1614 1465 1661 alienis.

86 1683 221 1737 Quasi
241 1683 327 1728 hoc
353 1684 435 1728 tibi
457 1683 619 1741 dicam,
643 1685 767 1742 Veni,
796 1686 1078 1731 communica
1096 1685 1287 1748 peccatis
1301 1684 1462 1731 31101115.

85 1752 183 1797 Νο11
202 1752 289 1798 1100
312 1753 430 1810 dico,
454 1755 555 1799 novi
578 1755 685 1818 quid
704 1755 823 1801 dicat
842 1755 1079 1819 Apostolus
1099 1772 1110 1799 ι
1131 1754 1204 1800 sed
1221 1755 1330 1801 illud
1348 1755 1465 1811 dico,

87 1823 271 1887 Propter
294 1835 475 1887 peccata
501 1824 657 1882 aliena,
682 1826 716 1871 si
738 1843 839 1872 vera
868 1836 1026 1881 essent,
1056 1836 1098 1870 et
1127 1843 1214 1871 non
1240 1836 1315 1872 tua
1337 1827 1471 1886 magis

86 1904 239 1950 essent,
263 1912 431 1954 gregem
459 1895 540 1940 Dei
568 1896 750 1941 mixtum
775 1897 929 1942 ovibus
953 1906 996 1941 et
1019 1895 1166 1941 hoedis
1189 1913 1278 1941 non
1301 1896 1471 1942 desere-

89 1981 181 2017 1·es;
215 1982 357 2010 aream
385 1966 658 2011 Dominicam
679 2004 689 2022 ,
717 1966 915 2030 quandiu
947 1966 1072 2029 palea
1104 1966 1356 2022 trituratur,
1383 1983 1471 2012 non

89 2033 348 2097 relinqueres
362 2056 372 2088 3
389 2035 495 2080 retia
512 2035 758 2093 Dominica,
773 2036 970 2100 quandiu
983 2036 1121 2081 bonos
1135 2046 1177 2080 et
1188 2036 1323 2082 malos
1333 2036 1471 2100 pisces

87 2103 140 2148 ad
157 2103 277 2149 littus
295 2105 496 2160 trahunt,
520 2123 609 2151 non
628 2106 933 2170 disrumperes.
966 2107 1021 2151 Et
1044 2106 1284 2169 quomodo,
1306 2107 1468 2170 inquis,

85 2172 238 2218 ferrem
269 2190 398 2236 quem
424 2174 525 2219 novi
559 2175 755 2222 malum?
789 2178 942 2222 Nonne
973 2176 1122 2229 melius
1151 2176 1294 2240 ipsum
1322 2176 1470 2234 ferres,

87 2260 217 2306 quani
236 2255 276 2289 te
293 2243 406 2289 foras
428 2246 626 2291 efferres?
651 2246 765 2292 Ecce
788 2246 1010 2310 quomodo
1032 2246 1162 2292 ferres
1181 2263 1191 2291 ε
1210 2246 1256 2292 Si
1281 2247 1472 2293 attende-

88 2330 151 2358 res
181 2314 434 2376 Apostolum
460 2315 674 2361 dicentem
699 2334 710 2362 z
735 2317 1083 2381 «Unusquisque
1112 2317 1342 2380 proprium
1367 2335 1474 2363 onus

91 2406 110 2425 »
128 2385 350 2448 portabit3
378 2407 396 2427 »
423 2386 627 2432 liberaret
664 2399 701 2432 te
730 2389 811 2434 ista
843 2388 1069 2435 sententia.
1101 2388 1201 2433 Non
1224 2388 1339 2434 enim
1372 2406 1473 2435 cum

89 2453 162 2499 illo
187 2456 530 2503 communicares
554 2457 797 2515 avaritiam,
820 2459 893 2505 sed
917 2458 1261 2505 communicares
1278 2476 1380 2506 cum
1399 2460 1474 2505 illo

92 2524 257 2572 Christi
281 2543 488 2575 mensam.
517 2528 575 2575 Et
600 2528 709 2592 quid
744 2529 827 2578 tibi
854 2530 1043 2587 obesset,
1065 2528 1102 2576 si
1122 2545 1225 2577 cum
1253 2529 1329 2577 illo
1352 2547 1478 2577 com-
