1866 3241
144 388 288 419 SERMO
324 387 511 429 chvm,
548 386 606 418 DE
641 387 801 419 viamus
835 385 987 418 APosT.
1029 387 1183 420 EPHES.
1224 388 1286 420 vi.
1361 374 1457 437 429

72 463 228 518 potens
245 470 334 499 non
351 470 407 500 es.
435 451 625 509 Quando
655 469 755 512 ergo
782 451 1003 516 promittis
1019 489 1030 508 ‚
1062 453 1144 498 nisi
1166 454 1283 500 Deus
1303 454 1452 508 faciat,

71 524 213 571 inanis
231 535 293 570 est
309 523 536 587 promissio
558 535 646 571 tua.
675 523 755 569 Dei
773 533 917 568 autem
939 523 1166 587 promissio
1189 542 1275 570 non
1295 525 1458 588 pendet

73 611 122 640 ex
138 605 197 651 te,
224 594 298 640 sed
318 611 366 640 ex
380 594 472 650 illo,
496 594 581 640 Sed
604 611 699 654 ego,
722 594 884 657 inquis,
910 594 1091 640 credidi.
1113 595 1332 642 ConcedO.
1367 595 1455 640 Ve-

70 681 169 711 rum
197 664 306 711 dicis
337 682 347 710 :
374 676 423 711 tu
443 664 688 721 credidisti,
720 664 794 710 sed
822 682 908 710 non
933 665 1014 710 tibi
1044 675 1091 710 tu
1115 664 1248 710 fidem
1278 665 1448 713 dedisti.

71 735 198 781 Unde
222 746 367 781 autem
387 734 637 792 credidisti,
668 735 751 780 nisi
785 752 833 780 ex
854 734 976 781 fide?
1003 734 1127 780 Fides
1153 734 1199 780 in
1224 745 1264 780 te
1289 734 1456 780 donum

74 805 156 850 Dei
178 815 253 852 est.

138 874 199 922 ΙΙ.
237 874 352 921 Audi
374 874 633 937 Apostolum
653 874 798 938 ipsum
817 874 919 921 fidei
943 874 1277 938 disputatorem,
1301 885 1343 920 et
1361 892 1456 935 gra-

73 944 147 990 tiae
164 961 373 1004 magnum
396 944 688 998 defensorem3
712 945 815 990 audi
832 962 931 990 eum
951 944 1168 990 dicentem
1190 963 1200 990 ε
1231 946 1353 990 «Pax
1373 944 1460 991 fra-

75 1036 97 1057 »
120 1015 285 1072 tribus,
308 1025 350 1060 et
365 1015 556 1060 charitas
574 1032 676 1060 cum
696 1015 827 1062 fide1.
853 1037 873 1056 »
894 1017 1053 1075 Magna
1076 1016 1156 1061 tria
1175 1015 1283 1061 dixit
1306 1033 1316 1060 :
1339 1015 1430 1061 Pax
1445 1052 1456 1071 ‚

76 1085 285 1142 charitas,
312 1085 432 1131 fides.
457 1086 492 1130 A
512 1086 597 1130 fine
618 1086 773 1148 coepit,
804 1085 860 1131 ad
879 1086 1055 1131 initium
1074 1086 1334 1132 terminavit.
1366 1086 1462 1131 Ini-

76 1156 188 1201 tium
210 1166 272 1201 est
294 1155 472 1201 enimin
492 1155 595 1212 fide,
620 1156 718 1201 finis
734 1157 780 1201 in
806 1173 928 1219 pace.
961 1156 1060 1212 Qua
1085 1157 1201 1202 enim
1222 1155 1456 1211 credimus,

76 1226 170 1289 ipsa
193 1236 255 1271 est
279 1225 406 1272 fides,
439 1225 524 1270 Sed
557 1225 664 1271 fides
698 1225 830 1271 debet
855 1243 942 1271 esse
969 1226 1347 1282 Christianorum,
1378 1242 1467 1270 non

78 1296 410 1342 daemoniorum.
450 1296 560 1341 Nam
591 1297 705 1341 sicut
733 1295 842 1341 dicit
861 1297 1055 1342 Jacobus
1092 1296 1311 1360 apostolus
1334 1313 1345 1340 ε
1366 1317 1386 1337 α
1408 1296 1465 1340 Et

79 1388 101 1408 »
123 1366 343 1412 daemones
378 1366 586 1422 credunt,
629 1377 672 1411 et
701 1367 1042 1412 contremiscunt
1058 1367 1092 1414 2.
1118 1389 1138 1409 ))
1161 1368 1216 1412 Et
1246 1366 1464 1412 daemones

78 1436 281 1482 dixerunt
305 1436 482 1482 Christo
504 1454 515 1481 ι
543 1457 563 1478 α
585 1436 654 1481 Tu
678 1453 720 1481 es
754 1437 784 1480 F
789 1436 887 1481 ilius
920 1436 1002 1482 Dei
1019 1436 1052 1484 3.
1080 1459 1100 1478 »
1127 1436 1464 1481 Confitebantur

80 1506 316 1563 daemones,
341 1506 461 1570 quod
480 1524 568 1552 non
587 1506 824 1552 credebant
844 1506 1057 1553 homines.
1086 1506 1156 1551 Illi
1172 1516 1461 1562 tremuerunt,

73 1576 143 1622 illi
173 1576 442 1623 occiderunt.
489 1576 610 1633 Quid
641 1576 782 1631 enim,
824 1577 926 1639 quia
962 1576 1163 1622 dixerunt
1203 1576 1423 1621 daemones
1449 1593 1461 1621 :

81 1668 102 1688 c<
127 1648 196 1692 Tu
220 1664 261 1691 es
283 1646 416 1692 Filius
437 1647 535 1702 Dei,
562 1668 581 1688 υ
607 1647 766 1692 scimus
792 1647 867 1709 qui
896 1647 980 1700 sis3
1008 1647 1105 1692 ideo
1130 1646 1350 1706 regnaturi
1368 1657 1469 1691 sunt

82 1734 184 1762 cum
206 1717 314 1762 Filio
342 1717 452 1762 Dei?
475 1717 616 1764 Absit.
652 1717 948 1762 Discernenda
968 1727 1030 1761 est
1050 1734 1149 1776 ergo
1168 1716 1274 1762 fides
1303 1716 1468 1762 daemo-

82 1804 188 1833 num
213 1805 236 1832 a
263 1787 348 1833 fide
387 1798 651 1834 sanctorum.
690 1787 824 1833 Plane
858 1787 1139 1832 discernenda
1169 1786 1397 1846 vigilanter
1428 1797 1471 1832 et

83 1857 325 1918 diligenter.
365 1859 477 1903 Nam
516 1869 557 1902 et
590 1859 742 1902 Petrus
774 1858 862 1903 hoc
890 1858 998 1902 dixit
1036 1858 1226 1903 Domino
1265 1857 1464 1903 dicenti:

83 1949 105 1970 «
130 1928 271 1985 Quem
295 1945 364 1973 me
386 1945 472 1973 esse
503 1927 673 1973 dicitis?
699 1928 767 1972 Tu
789 1945 830 1972 es
862 1927 1061 1972 Christus
1096 1927 1229 1971 Filius
1258 1927 1338 1971 Dei
1360 1927 1463 1973 vivi.

85 2020 106 2041 ›>
131 1999 188 2043 Et
205 1998 418 2043 Dominus
438 1998 612 2043 :Beatus
629 2015 670 2042 es
691 1997 843 2042 Simon
860 1998 1087 2042 13ar-Jona
1105 1996 1137 2044 Δ.
1166 2018 1186 2038 ›>
1204 1996 1242 2041 Ο
1266 1996 1466 2052 Domine,

83 2069 172 2114 hoc
193 2068 275 2113 tibi
293 2068 493 2114 dixerunt
511 2078 552 2112 et
570 2067 790 2113 daemones
812 2085 822 2112 ε
846 2084 978 2130 quare
1002 2067 1085 2130 ipsi
1103 2084 1189 2112 non
1207 2077 1306 2111 sunt
1322 2066 1467 2112 beati?

86 2139 260 2196 Quare?
306 2138 421 2195 Quia
467 2138 687 2183 daemoncs
738 2137 826 2183 hoc
860 2137 1061 2182 dixerunt
1102 2137 1254 2181 timore
1281 2154 1291 2181 :
1319 2136 1472 2181 Petrus

86 2226 246 2255 amore.
292 2208 397 2253 Ideo
426 2207 600 2253 initium
631 2218 741 2253 esta
766 2207 865 2253 fide.
898 2207 984 2252 Sed
1020 2206 1137 2269 quali
1182 2206 1294 2252 fide?
1328 2206 1473 2262 Quam

88 2276 286 2322 definivit
312 2278 544 2337 Apostolus
571 2295 581 2322 ε
607 2298 627 2318 ε(
649 2278 799 2340 Neque
832 2277 1108 2322 circumcisio
1138 2275 1307 2338 aliquid
1330 2274 1470 2331 valet,

89 2367 112 2388 »
131 2362 271 2409 neque
297 2344 568 2408 praeputium
587 2381 598 2399 ‚
628 2347 702 2389 sed
727 2347 845 2390 fides.
876 2369 896 2386 »
924 2347 1006 2391 Dic
1033 2363 1134 2408 quae
1158 2346 1298 2391 fides?
1322 2345 1474 2402 «Quae

91 2438 113 2458 ))
131 2432 211 2479 per
234 2414 511 2460 dilectionem
539 2424 745 2476 operatur
760 2413 793 2460 5.
821 2436 841 2455 »
878 2414 1006 2459 Hanc
1034 2414 1253 2460 daemones
1276 2432 1364 2460 non
1389 2415 1476 2461 ha·-

90 2487 198 2532 bent
223 2485 372 2542 fidem,
401 2502 500 2548 quae
523 2501 604 2548 per
625 2483 907 2530 dilectionem
923 2495 1129 2548 operatur
1152 2502 1164 2530 z
1192 2485 1265 2530 sed
1277 2485 1355 2531 soli
1369 2487 1480 2532 servi

93 2557 193 2614 Dei,
220 2556 299 2603 soli
321 2556 457 2602 sancti
482 2555 580 2611 Dei,
612 2554 691 2600 soli
716 2555 802 2601 fide
827 2555 907 2602 filii
933 2555 1150 2612 Abrahae,
1183 2555 1262 2602 soli
1291 2556 1369 2602 filii
1402 2556 1474 2601 di-

144 2658 154 2680 ¹
174 2657 290 2701 Ephes.
309 2668 358 2698 vx,
377 2658 483 2691 23..-
497 2655 513 2677 2
531 2655 645 2689 Jacob.
664 2666 707 2701 n,
728 2667 779 2698 19.
794 2673 840 2680 —-
854 2653 869 2680 3
885 2658 989 2690 Marc.
1007 2667 1061 2701 ιη,
1089 2667 1142 2691 12.
1165 2673 1210 2680 —
1228 2653 1243 2678 ⁴
1263 2656 1383 2690 Mauh.
1408 2667 1480 2698 xvx,

100 2712 215 2751 15-17.
233 2729 266 2735 —
287 2708 300 2732 ⁵
314 2710 420 2744 Galat.
436 2720 466 2748 v,
483 2710 515 2743 6.
