<?xml version="1.0" encoding="UTF-8"?>
<!DOCTYPE html PUBLIC "-//W3C//DTD XHTML 1.0 Transitional//EN"
    "http://www.w3.org/TR/xhtml1/DTD/xhtml1-transitional.dtd">
<html xmlns="http://www.w3.org/1999/xhtml" xml:lang="en" lang="en">
 <head>
  <title>
</title>
<meta http-equiv="Content-Type" content="text/html;charset=utf-8" />
  <meta name='ocr-system' content='tesseract 3.04.00' />
  <meta name='ocr-capabilities' content='ocr_page ocr_carea ocr_par ocr_line ocrx_word'/>
</head>
<body>
  <div class='ocr_page' id='page_1' title='image "./operaomniaaccura19auguuoft_0328.png"; bbox 0 0 1866 3241; ppageno 0'>
   <div class='ocr_carea' id='block_1_1' title="bbox 411 300 1386 352">
    <p class='ocr_par' dir='ltr' id='par_1_1' title="bbox 411 300 1386 352">
     <span class='ocr_line' id='line_1_1' title="bbox 411 300 1386 352; baseline -0.003 0"><span class='ocrx_word' id='word_1_1' title='bbox 411 300 502 352; x_wconf 75' lang='lat'>&#39;318</span> <span class='ocrx_word' id='word_1_2' title='bbox 828 318 862 348; x_wconf 78' lang='lat' dir='ltr'>s.</span> <span class='ocrx_word' id='word_1_3' title='bbox 905 312 1148 348; x_wconf 75' lang='lat' dir='ltr'>Aueusrlm</span> <span class='ocrx_word' id='word_1_4' title='bbox 1184 315 1386 349; x_wconf 74' lang='lat' dir='ltr'><strong>EPISCOPI</strong></span> 
     </span>
    </p>
   </div>
   <div class='ocr_carea' id='block_1_2' title="bbox 398 374 1866 2284">
    <p class='ocr_par' dir='ltr' id='par_1_2' title="bbox 398 374 1866 2284">
     <span class='ocr_line' id='line_1_2' title="bbox 409 374 1866 446; baseline 0.001 -14"><span class='ocrx_word' id='word_1_5' title='bbox 409 386 554 432; x_wconf 87' lang='lat' dir='ltr'>mortis</span> <span class='ocrx_word' id='word_1_6' title='bbox 583 384 742 440; x_wconf 79' lang='lat' dir='ltr'>lueret,</span> <span class='ocrx_word' id='word_1_7' title='bbox 771 401 858 429; x_wconf 88' lang='lat' dir='ltr'>non</span> <span class='ocrx_word' id='word_1_8' title='bbox 889 382 1051 429; x_wconf 81' lang='lat' dir='ltr'>diceret</span> <span class='ocrx_word' id='word_1_9' title='bbox 1074 383 1165 446; x_wconf 89' lang='lat' dir='ltr'>ipse</span> <span class='ocrx_word' id='word_1_10' title='bbox 1195 384 1408 429; x_wconf 87' lang='lat' dir='ltr'>Dominus</span> <span class='ocrx_word' id='word_1_11' title='bbox 1438 402 1449 429; x_wconf 70' lang='grc' dir='ltr'>ι</span> <span class='ocrx_word' id='word_1_12' title='bbox 1481 405 1501 425; x_wconf 85' lang='lat'>«</span> <span class='ocrx_word' id='word_1_13' title='bbox 1531 384 1644 431; x_wconf 88' lang='lat' dir='ltr'>Ecce</span> <span class='ocrx_word' id='word_1_14' title='bbox 1662 383 1778 434; x_wconf 85' lang='lat' dir='ltr'>venit</span> <span class='ocrx_word' id='word_1_15' title='bbox 1837 374 1866 433; x_wconf 60' lang='grc' dir='ltr'>ἐ]</span> 
     </span>
     <span class='ocr_line' id='line_1_3' title="bbox 409 453 1866 521; baseline 0.001 -21"><span class='ocrx_word' id='word_1_16' title='bbox 409 481 427 500; x_wconf 83' lang='grc'>»</span> <span class='ocrx_word' id='word_1_17' title='bbox 451 458 653 521; x_wconf 82' lang='lat' dir='ltr'>princeps</span> <span class='ocrx_word' id='word_1_18' title='bbox 674 455 845 511; x_wconf 74' lang='lat' dir='ltr'>mundi,</span> <span class='ocrx_word' id='word_1_19' title='bbox 872 464 913 499; x_wconf 88' lang='lat' dir='ltr'>et</span> <span class='ocrx_word' id='word_1_20' title='bbox 935 454 979 499; x_wconf 92' lang='lat' dir='ltr'>in</span> <span class='ocrx_word' id='word_1_21' title='bbox 1001 471 1068 498; x_wconf 89' lang='lat' dir='ltr'>me</span> <span class='ocrx_word' id='word_1_22' title='bbox 1086 453 1197 499; x_wconf 90' lang='lat' dir='ltr'>nihil</span> <span class='ocrx_word' id='word_1_23' title='bbox 1221 454 1408 499; x_wconf 87' lang='lat' dir='ltr'>inveniet</span> <span class='ocrx_word' id='word_1_24' title='bbox 1422 453 1455 501; x_wconf 64' lang='grc'>1.</span> <span class='ocrx_word' id='word_1_25' title='bbox 1477 476 1498 496; x_wconf 84' lang='grc'>»</span> <span class='ocrx_word' id='word_1_26' title='bbox 1525 455 1669 511; x_wconf 83' lang='lat' dir='ltr'>Quare</span> <span class='ocrx_word' id='word_1_27' title='bbox 1679 473 1777 517; x_wconf 81' lang='lat' dir='ltr'>ergo</span> <span class='ocrx_word' id='word_1_28' title='bbox 1839 463 1866 514; x_wconf 56' lang='lat'>53</span> 
     </span>
     <span class='ocr_line' id='line_1_4' title="bbox 412 522 1866 586; baseline -0.001 -13"><span class='ocrx_word' id='word_1_29' title='bbox 412 545 477 573; x_wconf 84' lang='lat' dir='ltr'>me</span> <span class='ocrx_word' id='word_1_30' title='bbox 517 525 704 571; x_wconf 64' lang='lat' dir='ltr'>occidit?</span> <span class='ocrx_word' id='word_1_31' title='bbox 749 524 862 580; x_wconf 82' lang='lat' dir='ltr'>Quia</span> <span class='ocrx_word' id='word_1_32' title='bbox 901 540 1000 586; x_wconf 78' lang='lat' dir='ltr'>quae</span> <span class='ocrx_word' id='word_1_33' title='bbox 1034 539 1121 567; x_wconf 89' lang='lat' dir='ltr'>non</span> <span class='ocrx_word' id='word_1_34' title='bbox 1152 522 1279 585; x_wconf 85' lang='lat' dir='ltr'>rapui</span> <span class='ocrx_word' id='word_1_35' title='bbox 1295 560 1305 577; x_wconf 74' lang='lat'>,</span> <span class='ocrx_word' id='word_1_36' title='bbox 1344 533 1451 568; x_wconf 86' lang='lat' dir='ltr'>tunc</span> <span class='ocrx_word' id='word_1_37' title='bbox 1480 523 1728 570; x_wconf 86' lang='lat' dir='ltr'>exolvebam</span> <span class='ocrx_word' id='word_1_38' title='bbox 1739 525 1772 573; x_wconf 75' lang='lat'>².</span> <span class='ocrx_word' id='word_1_39' title='bbox 1834 529 1866 559; x_wconf 67' lang='lat'>¹³</span> 
     </span>
     <span class='ocr_line' id='line_1_5' title="bbox 408 588 1866 658; baseline -0.002 -15"><span class='ocrx_word' id='word_1_40' title='bbox 408 602 586 643; x_wconf 81' lang='lat' dir='ltr'>Prorsus</span> <span class='ocrx_word' id='word_1_41' title='bbox 604 594 722 658; x_wconf 86' lang='lat' dir='ltr'>quod</span> <span class='ocrx_word' id='word_1_42' title='bbox 742 594 843 640; x_wconf 84' lang='lat' dir='ltr'>fecit</span> <span class='ocrx_word' id='word_1_43' title='bbox 869 593 921 638; x_wconf 89' lang='lat' dir='ltr'>de</span> <span class='ocrx_word' id='word_1_44' title='bbox 941 593 1123 648; x_wconf 78' lang='lat' dir='ltr'>tributo,</span> <span class='ocrx_word' id='word_1_45' title='bbox 1147 592 1233 637; x_wconf 84' lang='lat' dir='ltr'>hoc</span> <span class='ocrx_word' id='word_1_46' title='bbox 1255 592 1358 638; x_wconf 79' lang='lat' dir='ltr'>fecit.</span> <span class='ocrx_word' id='word_1_47' title='bbox 1381 593 1433 638; x_wconf 87' lang='lat' dir='ltr'>de</span> <span class='ocrx_word' id='word_1_48' title='bbox 1452 604 1604 642; x_wconf 86' lang='lat' dir='ltr'>morte.</span> <span class='ocrx_word' id='word_1_49' title='bbox 1631 595 1777 655; x_wconf 82' lang='lat' dir='ltr'>Exige·</span> <span class='ocrx_word' id='word_1_50' title='bbox 1832 588 1866 644; x_wconf 57' lang='lat' dir='ltr'>‚i</span> 
     </span>
     <span class='ocr_line' id='line_1_6' title="bbox 407 657 1866 728; baseline -0.003 -13"><span class='ocrx_word' id='word_1_51' title='bbox 407 670 538 714; x_wconf 82' lang='lat' dir='ltr'>batur</span> <span class='ocrx_word' id='word_1_52' title='bbox 552 667 785 720; x_wconf 83' lang='lat' dir='ltr'>tributum,</span> <span class='ocrx_word' id='word_1_53' title='bbox 815 663 1070 709; x_wconf 86' lang='lat' dir='ltr'>didrachma</span> <span class='ocrx_word' id='word_1_54' title='bbox 1104 680 1115 708; x_wconf 73' lang='grc' dir='ltr'><strong><em>ε</em></strong></span> <span class='ocrx_word' id='word_1_55' title='bbox 1145 684 1165 704; x_wconf 88' lang='grc'>«</span> <span class='ocrx_word' id='word_1_56' title='bbox 1184 664 1346 720; x_wconf 77' lang='lat' dir='ltr'>Quare,</span> <span class='ocrx_word' id='word_1_57' title='bbox 1368 664 1528 728; x_wconf 82' lang='lat' dir='ltr'>inquit,</span> <span class='ocrx_word' id='word_1_58' title='bbox 1556 675 1603 711; x_wconf 86' lang='lat' dir='ltr'>tu</span> <span class='ocrx_word' id='word_1_59' title='bbox 1628 675 1670 710; x_wconf 91' lang='lat' dir='ltr'>et</span> <span class='ocrx_word' id='word_1_60' title='bbox 1688 666 1780 712; x_wconf 85' lang='lat' dir='ltr'>Dis·</span> <span class='ocrx_word' id='word_1_61' title='bbox 1834 657 1866 706; x_wconf 63' lang='lat' dir='ltr'>ul</span> 
     </span>
     <span class='ocr_line' id='line_1_7' title="bbox 410 727 1864 803; baseline 0.003 -23"><span class='ocrx_word' id='word_1_62' title='bbox 410 760 430 780; x_wconf 86' lang='grc'>»</span> <span class='ocrx_word' id='word_1_63' title='bbox 449 737 584 803; x_wconf 87' lang='lat' dir='ltr'>cipuli</span> <span class='ocrx_word' id='word_1_64' title='bbox 601 736 763 782; x_wconf 86' lang='lat' dir='ltr'>tuinon</span> <span class='ocrx_word' id='word_1_65' title='bbox 773 733 952 779; x_wconf 82' lang='lat' dir='ltr'>redditis</span> <span class='ocrx_word' id='word_1_66' title='bbox 967 733 1211 779; x_wconf 71' lang='lat' dir='ltr'>tributum?</span> <span class='ocrx_word' id='word_1_67' title='bbox 1235 733 1416 779; x_wconf 86' lang='lat' dir='ltr'>Vocavit</span> <span class='ocrx_word' id='word_1_68' title='bbox 1439 734 1492 780; x_wconf 91' lang='lat' dir='ltr'>ad</span> <span class='ocrx_word' id='word_1_69' title='bbox 1520 752 1561 780; x_wconf 87' lang='lat' dir='ltr'>se</span> <span class='ocrx_word' id='word_1_70' title='bbox 1581 727 1776 794; x_wconf 84' lang='lat' dir='ltr'>Petrum,</span> <span class='ocrx_word' id='word_1_71' title='bbox 1832 756 1864 785; x_wconf 53' lang='grc' dir='ltr'>τι»</span> 
     </span>
     <span class='ocr_line' id='line_1_8' title="bbox 409 802 1862 866; baseline 0.001 -15"><span class='ocrx_word' id='word_1_72' title='bbox 409 819 492 853; x_wconf 87' lang='lat' dir='ltr'>»et</span> <span class='ocrx_word' id='word_1_73' title='bbox 515 808 574 853; x_wconf 82' lang='lat' dir='ltr'>ait</span> <span class='ocrx_word' id='word_1_74' title='bbox 593 806 630 852; x_wconf 89' lang='lat' dir='ltr'>ei</span> <span class='ocrx_word' id='word_1_75' title='bbox 660 822 671 850; x_wconf 73' lang='grc' dir='ltr'><strong>ε</strong></span> <span class='ocrx_word' id='word_1_76' title='bbox 702 806 836 864; x_wconf 83' lang='lat' dir='ltr'>Reges</span> <span class='ocrx_word' id='word_1_77' title='bbox 859 802 1011 848; x_wconf 90' lang='lat' dir='ltr'>mundi</span> <span class='ocrx_word' id='word_1_78' title='bbox 1038 821 1061 848; x_wconf 90' lang='lat' dir='ltr'>a</span> <span class='ocrx_word' id='word_1_79' title='bbox 1091 803 1252 866; x_wconf 86' lang='lat' dir='ltr'>quibus</span> <span class='ocrx_word' id='word_1_80' title='bbox 1282 803 1455 863; x_wconf 85' lang='lat' dir='ltr'>exigunt</span> <span class='ocrx_word' id='word_1_81' title='bbox 1487 805 1724 862; x_wconf 82' lang='lat' dir='ltr'>tributum,</span> <span class='ocrx_word' id='word_1_82' title='bbox 1756 824 1780 853; x_wconf 88' lang='lat' dir='ltr'>a</span> <span class='ocrx_word' id='word_1_83' title='bbox 1860 816 1862 818; x_wconf 78' lang='grc'>’</span> 
     </span>
     <span class='ocr_line' id='line_1_9' title="bbox 409 873 1837 936; baseline 0 -15"><span class='ocrx_word' id='word_1_84' title='bbox 409 902 428 921; x_wconf 81' lang='grc'>»</span> <span class='ocrx_word' id='word_1_85' title='bbox 449 877 546 924; x_wconf 81' lang='lat' dir='ltr'>siliis</span> <span class='ocrx_word' id='word_1_86' title='bbox 572 876 677 932; x_wconf 79' lang='lat' dir='ltr'>suis,</span> <span class='ocrx_word' id='word_1_87' title='bbox 715 892 770 920; x_wconf 85' lang='lat' dir='ltr'>an</span> <span class='ocrx_word' id='word_1_88' title='bbox 803 874 858 918; x_wconf 85' lang='lat' dir='ltr'>ab</span> <span class='ocrx_word' id='word_1_89' title='bbox 875 873 1048 918; x_wconf 64' lang='lat' dir='ltr'>alienis?</span> <span class='ocrx_word' id='word_1_90' title='bbox 1079 874 1354 936; x_wconf 84' lang='lat' dir='ltr'>Responsum</span> <span class='ocrx_word' id='word_1_91' title='bbox 1383 884 1446 919; x_wconf 88' lang='lat' dir='ltr'>est</span> <span class='ocrx_word' id='word_1_92' title='bbox 1472 891 1482 918; x_wconf 93' lang='lat'><strong>:</strong></span> <span class='ocrx_word' id='word_1_93' title='bbox 1511 874 1578 920; x_wconf 93' lang='lat' dir='ltr'>Ab</span> <span class='ocrx_word' id='word_1_94' title='bbox 1604 874 1770 923; x_wconf 83' lang='lat' dir='ltr'>alienis,</span> <span class='ocrx_word' id='word_1_95' title='bbox 1835 899 1837 901; x_wconf 49' lang='lat'><strong><em>¹</em></strong></span> 
     </span>
     <span class='ocr_line' id='line_1_10' title="bbox 409 943 1780 1009; baseline 0 -17"><span class='ocrx_word' id='word_1_96' title='bbox 409 973 428 992; x_wconf 81' lang='grc'>»</span> <span class='ocrx_word' id='word_1_97' title='bbox 452 951 583 1008; x_wconf 80' lang='lat' dir='ltr'>Ergo,</span> <span class='ocrx_word' id='word_1_98' title='bbox 606 946 772 1009; x_wconf 74' lang='lat' dir='ltr'>inquit,</span> <span class='ocrx_word' id='word_1_99' title='bbox 799 943 925 989; x_wconf 88' lang='lat' dir='ltr'>liberi</span> <span class='ocrx_word' id='word_1_100' title='bbox 948 954 1047 989; x_wconf 84' lang='lat' dir='ltr'>sunt</span> <span class='ocrx_word' id='word_1_101' title='bbox 1064 943 1156 990; x_wconf 92' lang='lat' dir='ltr'>filii.</span> <span class='ocrx_word' id='word_1_102' title='bbox 1183 945 1348 990; x_wconf 84' lang='lat' dir='ltr'>Tamen</span> <span class='ocrx_word' id='word_1_103' title='bbox 1373 962 1425 990; x_wconf 92' lang='lat' dir='ltr'>ne</span> <span class='ocrx_word' id='word_1_104' title='bbox 1445 945 1780 993; x_wconf 81' lang='lat' dir='ltr'>scandalizemus</span> 
     </span>
     <span class='ocr_line' id='line_1_11' title="bbox 411 1014 1781 1080; baseline -0.001 -17"><span class='ocrx_word' id='word_1_105' title='bbox 411 1044 430 1063; x_wconf 80' lang='grc'>»</span> <span class='ocrx_word' id='word_1_106' title='bbox 453 1037 540 1075; x_wconf 83' lang='lat' dir='ltr'>eos,</span> <span class='ocrx_word' id='word_1_107' title='bbox 565 1017 674 1064; x_wconf 86' lang='lat' dir='ltr'>vade</span> <span class='ocrx_word' id='word_1_108' title='bbox 695 1016 749 1062; x_wconf 85' lang='lat' dir='ltr'>ad</span> <span class='ocrx_word' id='word_1_109' title='bbox 770 1033 886 1061; x_wconf 88' lang='lat' dir='ltr'>mare</span> <span class='ocrx_word' id='word_1_110' title='bbox 909 1052 919 1071; x_wconf 79' lang='lat'><strong>‚</strong></span> <span class='ocrx_word' id='word_1_111' title='bbox 949 1015 1071 1060; x_wconf 87' lang='lat' dir='ltr'>mitte</span> <span class='ocrx_word' id='word_1_112' title='bbox 1093 1014 1274 1060; x_wconf 87' lang='lat' dir='ltr'>hamum</span> <span class='ocrx_word' id='word_1_113' title='bbox 1289 1052 1300 1071; x_wconf 72' lang='lat'><em>‚</em></span> <span class='ocrx_word' id='word_1_114' title='bbox 1333 1025 1375 1059; x_wconf 88' lang='lat' dir='ltr'>et</span> <span class='ocrx_word' id='word_1_115' title='bbox 1393 1017 1466 1078; x_wconf 92' lang='lat' dir='ltr'>qui</span> <span class='ocrx_word' id='word_1_116' title='bbox 1493 1016 1658 1080; x_wconf 88' lang='lat' dir='ltr'>primus</span> <span class='ocrx_word' id='word_1_117' title='bbox 1684 1033 1781 1062; x_wconf 90' lang='lat' dir='ltr'>sur-</span> 
     </span>
     <span class='ocr_line' id='line_1_12' title="bbox 409 1086 1780 1150; baseline 0.001 -17"><span class='ocrx_word' id='word_1_118' title='bbox 409 1114 428 1134; x_wconf 79' lang='lat'>»</span> <span class='ocrx_word' id='word_1_119' title='bbox 449 1089 614 1146; x_wconf 62' lang='lat' dir='ltr'>rexerit²</span> <span class='ocrx_word' id='word_1_120' title='bbox 632 1088 678 1133; x_wconf 87' lang='lat' dir='ltr'>id</span> <span class='ocrx_word' id='word_1_121' title='bbox 694 1096 772 1143; x_wconf 80' lang='lat' dir='ltr'>est,</span> <span class='ocrx_word' id='word_1_122' title='bbox 788 1086 1100 1150; x_wconf 82' lang='lat' dir='ltr'>primogenitus</span> <span class='ocrx_word' id='word_1_123' title='bbox 1123 1104 1146 1130; x_wconf 86' lang='lat' dir='ltr'>a</span> <span class='ocrx_word' id='word_1_124' title='bbox 1165 1086 1346 1131; x_wconf 79' lang='lat' dir='ltr'>mortuis</span> <span class='ocrx_word' id='word_1_125' title='bbox 1363 1106 1373 1139; x_wconf 90' lang='grc'><strong>;</strong></span> <span class='ocrx_word' id='word_1_126' title='bbox 1392 1087 1527 1149; x_wconf 81' lang='lat' dir='ltr'>aperi,</span> <span class='ocrx_word' id='word_1_127' title='bbox 1554 1086 1713 1150; x_wconf 79' lang='lat' dir='ltr'>inquit,</span> <span class='ocrx_word' id='word_1_128' title='bbox 1735 1104 1780 1134; x_wconf 88' lang='lat' dir='ltr'>os</span> 
     </span>
     <span class='ocr_line' id='line_1_13' title="bbox 409 1155 1858 1222; baseline -0.001 -18"><span class='ocrx_word' id='word_1_129' title='bbox 409 1186 427 1204; x_wconf 82' lang='lat'>»</span> <span class='ocrx_word' id='word_1_130' title='bbox 448 1166 554 1222; x_wconf 76' lang='lat' dir='ltr'>ejus,</span> <span class='ocrx_word' id='word_1_131' title='bbox 577 1169 618 1205; x_wconf 86' lang='lat' dir='ltr'>et</span> <span class='ocrx_word' id='word_1_132' title='bbox 638 1158 826 1204; x_wconf 88' lang='lat' dir='ltr'>invenies</span> <span class='ocrx_word' id='word_1_133' title='bbox 844 1157 907 1202; x_wconf 85' lang='lat' dir='ltr'>ibi</span> <span class='ocrx_word' id='word_1_134' title='bbox 933 1167 1149 1212; x_wconf 71' lang='lat' dir='ltr'>staterem,</span> <span class='ocrx_word' id='word_1_135' title='bbox 1176 1156 1220 1201; x_wconf 89' lang='lat' dir='ltr'>id</span> <span class='ocrx_word' id='word_1_136' title='bbox 1234 1167 1313 1212; x_wconf 70' lang='lat' dir='ltr'>est,</span> <span class='ocrx_word' id='word_1_137' title='bbox 1344 1155 1452 1201; x_wconf 87' lang='lat' dir='ltr'>duas</span> <span class='ocrx_word' id='word_1_138' title='bbox 1472 1156 1775 1216; x_wconf 80' lang='lat' dir='ltr'>didrachmas,</span> <span class='ocrx_word' id='word_1_139' title='bbox 1830 1172 1858 1203; x_wconf 42' lang='grc' dir='ltr'>’,ἢ</span> 
     </span>
     <span class='ocr_line' id='line_1_14' title="bbox 406 1226 1838 1296; baseline -0.001 -20"><span class='ocrx_word' id='word_1_140' title='bbox 406 1255 426 1276; x_wconf 79' lang='grc'><em>»</em></span> <span class='ocrx_word' id='word_1_141' title='bbox 447 1242 634 1296; x_wconf 85' lang='lat' dir='ltr'>quatuor</span> <span class='ocrx_word' id='word_1_142' title='bbox 647 1228 879 1274; x_wconf 85' lang='lat' dir='ltr'>drachmas</span> <span class='ocrx_word' id='word_1_143' title='bbox 895 1245 904 1272; x_wconf 92' lang='lat'>:</span> <span class='ocrx_word' id='word_1_144' title='bbox 921 1227 1023 1290; x_wconf 87' lang='lat' dir='ltr'>quia</span> <span class='ocrx_word' id='word_1_145' title='bbox 1039 1226 1315 1282; x_wconf 76' lang='lat' dir='ltr'>didrachma,</span> <span class='ocrx_word' id='word_1_146' title='bbox 1337 1226 1382 1272; x_wconf 90' lang='lat' dir='ltr'>id</span> <span class='ocrx_word' id='word_1_147' title='bbox 1404 1237 1482 1283; x_wconf 76' lang='lat' dir='ltr'>est,</span> <span class='ocrx_word' id='word_1_148' title='bbox 1503 1226 1603 1273; x_wconf 84' lang='lat' dir='ltr'>duae</span> <span class='ocrx_word' id='word_1_149' title='bbox 1622 1227 1781 1274; x_wconf 89' lang='lat' dir='ltr'>drach·</span> <span class='ocrx_word' id='word_1_150' title='bbox 1834 1236 1838 1275; x_wconf 84' lang='lat'>!</span> 
     </span>
     <span class='ocr_line' id='line_1_15' title="bbox 406 1295 1839 1362; baseline -0.001 -17"><span class='ocrx_word' id='word_1_151' title='bbox 406 1326 426 1345; x_wconf 88' lang='lat'>))</span> <span class='ocrx_word' id='word_1_152' title='bbox 449 1319 531 1348; x_wconf 83' lang='lat' dir='ltr'>mae</span> <span class='ocrx_word' id='word_1_153' title='bbox 548 1338 559 1358; x_wconf 80' lang='grc'><em>,</em></span> <span class='ocrx_word' id='word_1_154' title='bbox 584 1301 630 1345; x_wconf 89' lang='lat' dir='ltr'>in</span> <span class='ocrx_word' id='word_1_155' title='bbox 653 1307 788 1362; x_wconf 85' lang='lat' dir='ltr'>caput</span> <span class='ocrx_word' id='word_1_156' title='bbox 817 1297 1079 1357; x_wconf 79' lang='lat' dir='ltr'>exigebatur.</span> <span class='ocrx_word' id='word_1_157' title='bbox 1122 1296 1318 1341; x_wconf 84' lang='lat' dir='ltr'>Invenies</span> <span class='ocrx_word' id='word_1_158' title='bbox 1343 1295 1406 1341; x_wconf 91' lang='lat' dir='ltr'>ibi</span> <span class='ocrx_word' id='word_1_159' title='bbox 1439 1306 1636 1342; x_wconf 79' lang='lat' dir='ltr'>staterem</span> <span class='ocrx_word' id='word_1_160' title='bbox 1653 1335 1665 1354; x_wconf 87' lang='grc'>,</span> <span class='ocrx_word' id='word_1_161' title='bbox 1692 1297 1777 1345; x_wconf 90' lang='lat' dir='ltr'>hoc</span> <span class='ocrx_word' id='word_1_162' title='bbox 1834 1319 1839 1338; x_wconf 68' lang='lat' dir='ltr'>i</span> 
     </span>
     <span class='ocr_line' id='line_1_16' title="bbox 403 1223 1810 1620; baseline -0.001 -204"><span class='ocrx_word' id='word_1_163' title='bbox 403 1396 423 1416; x_wconf 88' lang='lat'>»</span> <span class='ocrx_word' id='word_1_164' title='bbox 443 1383 505 1419; x_wconf 86' lang='lat' dir='ltr'>est</span> <span class='ocrx_word' id='word_1_165' title='bbox 524 1410 534 1429; x_wconf 76' lang='lat'>,</span> <span class='ocrx_word' id='word_1_166' title='bbox 574 1380 762 1434; x_wconf 87' lang='lat' dir='ltr'>quatuor</span> <span class='ocrx_word' id='word_1_167' title='bbox 787 1367 1018 1414; x_wconf 85' lang='lat' dir='ltr'>drachmas</span> <span class='ocrx_word' id='word_1_168' title='bbox 1035 1404 1046 1424; x_wconf 83' lang='lat'>‚</span> <span class='ocrx_word' id='word_1_169' title='bbox 1081 1366 1135 1412; x_wconf 87' lang='lat' dir='ltr'>da</span> <span class='ocrx_word' id='word_1_170' title='bbox 1158 1366 1215 1411; x_wconf 87' lang='lat' dir='ltr'>eis</span> <span class='ocrx_word' id='word_1_171' title='bbox 1240 1383 1319 1430; x_wconf 85' lang='lat' dir='ltr'>pro</span> <span class='ocrx_word' id='word_1_172' title='bbox 1344 1383 1412 1412; x_wconf 90' lang='lat' dir='ltr'>me</span> <span class='ocrx_word' id='word_1_173' title='bbox 1435 1377 1477 1413; x_wconf 87' lang='lat' dir='ltr'>et</span> <span class='ocrx_word' id='word_1_174' title='bbox 1504 1367 1582 1414; x_wconf 76' lang='lat' dir='ltr'>te3.</span> <span class='ocrx_word' id='word_1_175' title='bbox 1612 1389 1632 1409; x_wconf 87' lang='lat'>»</span> <span class='ocrx_word' id='word_1_176' title='bbox 1656 1367 1776 1425; x_wconf 83' lang='lat' dir='ltr'>Quid</span> <span class='ocrx_word' id='word_1_177' title='bbox 1801 1223 1810 1620; x_wconf 67' lang='grc' dir='ltr'><em>Ι</em></span> 
     </span>
     <span class='ocr_line' id='line_1_17' title="bbox 402 1437 1775 1500; baseline -0.001 -13"><span class='ocrx_word' id='word_1_178' title='bbox 402 1455 464 1489; x_wconf 75' lang='lat' dir='ltr'>est</span> <span class='ocrx_word' id='word_1_179' title='bbox 483 1461 493 1488; x_wconf 72' lang='grc' dir='ltr'>ε</span> <span class='ocrx_word' id='word_1_180' title='bbox 520 1464 538 1483; x_wconf 84' lang='grc'>«</span> <span class='ocrx_word' id='word_1_181' title='bbox 560 1443 644 1486; x_wconf 89' lang='lat' dir='ltr'>Pro</span> <span class='ocrx_word' id='word_1_182' title='bbox 665 1456 732 1484; x_wconf 88' lang='lat' dir='ltr'>me</span> <span class='ocrx_word' id='word_1_183' title='bbox 753 1449 795 1483; x_wconf 86' lang='lat' dir='ltr'>et</span> <span class='ocrx_word' id='word_1_184' title='bbox 827 1437 925 1483; x_wconf 65' lang='lat' dir='ltr'>tel’?</span> <span class='ocrx_word' id='word_1_185' title='bbox 946 1462 963 1479; x_wconf 86' lang='lat'>»</span> <span class='ocrx_word' id='word_1_186' title='bbox 994 1438 1011 1481; x_wconf 88' lang='lat' dir='ltr'>l</span> <span class='ocrx_word' id='word_1_187' title='bbox 1017 1453 1091 1500; x_wconf 87' lang='lat' dir='ltr'>pse</span> <span class='ocrx_word' id='word_1_188' title='bbox 1123 1437 1346 1490; x_wconf 72' lang='lat' dir='ltr'>Christus,</span> <span class='ocrx_word' id='word_1_189' title='bbox 1380 1438 1533 1483; x_wconf 89' lang='lat' dir='ltr'>Petrus</span> <span class='ocrx_word' id='word_1_190' title='bbox 1549 1475 1559 1493; x_wconf 79' lang='lat'><em>‚</em></span> <span class='ocrx_word' id='word_1_191' title='bbox 1583 1439 1775 1486; x_wconf 86' lang='lat' dir='ltr'>Ecclesia</span> 
     </span>
     <span class='ocr_line' id='line_1_18' title="bbox 403 1507 1835 1568; baseline -0.001 -12"><span class='ocrx_word' id='word_1_192' title='bbox 403 1509 593 1565; x_wconf 82' lang='lat' dir='ltr'>Christi,</span> <span class='ocrx_word' id='word_1_193' title='bbox 629 1508 833 1552; x_wconf 71' lang='lat' dir='ltr'>Ecclesiae</span> <span class='ocrx_word' id='word_1_194' title='bbox 866 1509 1053 1567; x_wconf 84' lang='lat' dir='ltr'>quatuor</span> <span class='ocrx_word' id='word_1_195' title='bbox 1082 1507 1329 1563; x_wconf 83' lang='lat' dir='ltr'>Evangelia.</span> <span class='ocrx_word' id='word_1_196' title='bbox 1374 1508 1627 1568; x_wconf 74' lang='lat' dir='ltr'>Mysterium</span> <span class='ocrx_word' id='word_1_197' title='bbox 1663 1509 1775 1554; x_wconf 87' lang='lat' dir='ltr'>late-</span> <span class='ocrx_word' id='word_1_198' title='bbox 1832 1536 1835 1546; x_wconf 82' lang='lat'><em>·</em></span> 
     </span>
     <span class='ocr_line' id='line_1_19' title="bbox 398 1574 1766 1640; baseline -0.001 -13"><span class='ocrx_word' id='word_1_199' title='bbox 398 1583 477 1627; x_wconf 83' lang='lat' dir='ltr'>bat</span> <span class='ocrx_word' id='word_1_200' title='bbox 498 1599 509 1626; x_wconf 93' lang='lat'><strong>:</strong></span> <span class='ocrx_word' id='word_1_201' title='bbox 531 1578 730 1624; x_wconf 83' lang='lat' dir='ltr'>Christus</span> <span class='ocrx_word' id='word_1_202' title='bbox 756 1586 896 1620; x_wconf 85' lang='lat' dir='ltr'>tamen</span> <span class='ocrx_word' id='word_1_203' title='bbox 915 1575 1128 1620; x_wconf 84' lang='lat' dir='ltr'>tributum</span> <span class='ocrx_word' id='word_1_204' title='bbox 1147 1591 1234 1619; x_wconf 90' lang='lat' dir='ltr'>non</span> <span class='ocrx_word' id='word_1_205' title='bbox 1258 1574 1457 1621; x_wconf 81' lang='lat' dir='ltr'>debitum</span> <span class='ocrx_word' id='word_1_206' title='bbox 1480 1577 1766 1640; x_wconf 82' lang='lat' dir='ltr'>persolvebat.</span> 
     </span>
     <span class='ocr_line' id='line_1_20' title="bbox 402 1628 1858 2284; baseline -0.001 -587"><span class='ocrx_word' id='word_1_207' title='bbox 402 1652 473 1696; x_wconf 78' lang='lat' dir='ltr'>Sic</span> <span class='ocrx_word' id='word_1_208' title='bbox 496 1647 703 1714; x_wconf 84' lang='lat' dir='ltr'>persolvit</span> <span class='ocrx_word' id='word_1_209' title='bbox 729 1656 771 1691; x_wconf 87' lang='lat' dir='ltr'>et</span> <span class='ocrx_word' id='word_1_210' title='bbox 797 1655 980 1690; x_wconf 85' lang='lat' dir='ltr'>mortem</span> <span class='ocrx_word' id='word_1_211' title='bbox 1005 1662 1015 1689; x_wconf 90' lang='lat'><strong>:</strong></span> <span class='ocrx_word' id='word_1_212' title='bbox 1045 1661 1133 1689; x_wconf 91' lang='lat' dir='ltr'>non</span> <span class='ocrx_word' id='word_1_213' title='bbox 1165 1644 1374 1698; x_wconf 82' lang='lat' dir='ltr'>debebat,</span> <span class='ocrx_word' id='word_1_214' title='bbox 1414 1656 1455 1690; x_wconf 84' lang='lat' dir='ltr'>et</span> <span class='ocrx_word' id='word_1_215' title='bbox 1479 1647 1765 1710; x_wconf 77' lang='lat' dir='ltr'>persolvebat.</span> <span class='ocrx_word' id='word_1_216' title='bbox 1792 1628 1805 2284; x_wconf 73' lang='lat' dir='ltr'><em>l</em></span> <span class='ocrx_word' id='word_1_217' title='bbox 1849 1660 1858 1686; x_wconf 32' lang='grc' dir='ltr'>ἐξ</span> 
     </span>
    </p>
   </div>
   <div class='ocr_carea' id='block_1_3' title="bbox 1810 871 1815 984">
    <p class='ocr_par' dir='ltr' id='par_1_3' title="bbox 1810 871 1815 984">
     <span class='ocr_line' id='line_1_21' title="bbox 1810 871 1815 984; baseline 0 2257"><span class='ocrx_word' id='word_1_218' title='bbox 1810 871 1815 984; x_wconf 95' lang='lat' dir='ltr'> </span> 
     </span>
    </p>
   </div>
   <div class='ocr_carea' id='block_1_4' title="bbox 1839 956 1866 983">
    <p class='ocr_par' dir='ltr' id='par_1_4' title="bbox 1839 956 1866 983">
     <span class='ocr_line' id='line_1_22' title="bbox 1839 956 1866 983; baseline 0 0"><span class='ocrx_word' id='word_1_219' title='bbox 1839 968 1841 972; x_wconf 66' lang='lat'>,</span> <span class='ocrx_word' id='word_1_220' title='bbox 1857 956 1866 983; x_wconf 68' lang='lat' dir='ltr'>l</span> 
     </span>
    </p>
   </div>
   <div class='ocr_carea' id='block_1_5' title="bbox 1809 985 1814 1117">
    <p class='ocr_par' dir='ltr' id='par_1_5' title="bbox 1809 985 1814 1117">
     <span class='ocr_line' id='line_1_23' title="bbox 1809 985 1814 1117; baseline 0 2124"><span class='ocrx_word' id='word_1_221' title='bbox 1809 985 1814 1117; x_wconf 95' lang='lat' dir='ltr'> </span> 
     </span>
    </p>
   </div>
   <div class='ocr_carea' id='block_1_6' title="bbox 1807 1121 1812 1220">
    <p class='ocr_par' dir='ltr' id='par_1_6' title="bbox 1807 1121 1812 1220">
     <span class='ocr_line' id='line_1_24' title="bbox 1807 1121 1812 1220; baseline 0 2021"><span class='ocrx_word' id='word_1_222' title='bbox 1807 1121 1812 1220; x_wconf 95' lang='lat' dir='ltr'> </span> 
     </span>
    </p>
   </div>
   <div class='ocr_carea' id='block_1_7' title="bbox 1840 1320 1856 1469">
    <p class='ocr_par' dir='ltr' id='par_1_7' title="bbox 1840 1320 1856 1469">
     <span class='ocr_line' id='line_1_25' title="bbox 1851 1320 1854 1329; baseline 0 0"><span class='ocrx_word' id='word_1_223' title='bbox 1851 1320 1854 1329; x_wconf 61' lang='grc' dir='ltr'><em>ι</em></span> 
     </span>
     <span class='ocr_line' id='line_1_26' title="bbox 1840 1364 1856 1403; baseline 0 0"><span class='ocrx_word' id='word_1_224' title='bbox 1840 1364 1856 1403; x_wconf 53' lang='grc' dir='ltr'>,ἱ</span> 
     </span>
     <span class='ocr_line' id='line_1_27' title="bbox 1841 1461 1843 1469; baseline 0 0"><span class='ocrx_word' id='word_1_225' title='bbox 1841 1461 1843 1469; x_wconf 83' lang='grc'><em>,</em></span> 
     </span>
    </p>
   </div>
   <div class='ocr_carea' id='block_1_8' title="bbox 1850 1449 1863 1475">
    <p class='ocr_par' dir='ltr' id='par_1_8' title="bbox 1850 1449 1863 1475">
     <span class='ocr_line' id='line_1_28' title="bbox 1850 1449 1863 1475; baseline 0 -22"><span class='ocrx_word' id='word_1_226' title='bbox 1850 1449 1863 1475; x_wconf 64' lang='lat' dir='ltr'>i·</span> 
     </span>
    </p>
   </div>
   <div class='ocr_carea' id='block_1_9' title="bbox 386 1714 1770 2548">
    <p class='ocr_par' dir='ltr' id='par_1_9' title="bbox 398 1714 1770 1836">
     <span class='ocr_line' id='line_1_29' title="bbox 398 1714 1770 1777; baseline -0.001 -11"><span class='ocrx_word' id='word_1_227' title='bbox 398 1720 475 1766; x_wconf 92' lang='lat' dir='ltr'>llle</span> <span class='ocrx_word' id='word_1_228' title='bbox 497 1719 578 1765; x_wconf 89' lang='lat' dir='ltr'>nisi</span> <span class='ocrx_word' id='word_1_229' title='bbox 597 1716 842 1764; x_wconf 87' lang='lat' dir='ltr'>indebitum</span> <span class='ocrx_word' id='word_1_230' title='bbox 868 1714 1074 1769; x_wconf 79' lang='lat' dir='ltr'>solveret,</span> <span class='ocrx_word' id='word_1_231' title='bbox 1095 1731 1319 1777; x_wconf 88' lang='lat' dir='ltr'>nunquam</span> <span class='ocrx_word' id='word_1_232' title='bbox 1334 1732 1411 1760; x_wconf 90' lang='lat' dir='ltr'>nos</span> <span class='ocrx_word' id='word_1_233' title='bbox 1440 1734 1463 1761; x_wconf 89' lang='lat' dir='ltr'>a</span> <span class='ocrx_word' id='word_1_234' title='bbox 1487 1716 1635 1763; x_wconf 85' lang='lat' dir='ltr'>debito</span> <span class='ocrx_word' id='word_1_235' title='bbox 1657 1717 1770 1764; x_wconf 84' lang='lat' dir='ltr'>libe-</span> 
     </span>
     <span class='ocr_line' id='line_1_30' title="bbox 398 1800 523 1836; baseline 0 0"><span class='ocrx_word' id='word_1_236' title='bbox 398 1800 523 1836; x_wconf 81' lang='lat' dir='ltr'>raret.</span> 
     </span>
    </p>

    <p class='ocr_par' dir='ltr' id='par_1_10' title="bbox 386 1852 1768 2548">
     <span class='ocr_line' id='line_1_31' title="bbox 464 1852 1768 1920; baseline 0.006 -24"><span class='ocrx_word' id='word_1_237' title='bbox 464 1859 586 1904; x_wconf 80' lang='lat' dir='ltr'><strong>VIII,</strong></span> <span class='ocrx_word' id='word_1_238' title='bbox 617 1877 637 1898; x_wconf 87' lang='grc'>«</span> <span class='ocrx_word' id='word_1_239' title='bbox 663 1853 793 1912; x_wconf 86' lang='lat' dir='ltr'>Quod</span> <span class='ocrx_word' id='word_1_240' title='bbox 825 1870 924 1912; x_wconf 85' lang='lat' dir='ltr'>ergo</span> <span class='ocrx_word' id='word_1_241' title='bbox 954 1852 1221 1916; x_wconf 83' lang='lat' dir='ltr'>impossibile</span> <span class='ocrx_word' id='word_1_242' title='bbox 1252 1864 1342 1899; x_wconf 89' lang='lat' dir='ltr'>erat</span> <span class='ocrx_word' id='word_1_243' title='bbox 1379 1853 1504 1915; x_wconf 79' lang='lat' dir='ltr'>legis,</span> <span class='ocrx_word' id='word_1_244' title='bbox 1532 1878 1552 1898; x_wconf 86' lang='grc'>»</span> <span class='ocrx_word' id='word_1_245' title='bbox 1583 1873 1683 1920; x_wconf 84' lang='lat' dir='ltr'>quae</span> <span class='ocrx_word' id='word_1_246' title='bbox 1707 1857 1768 1904; x_wconf 88' lang='lat' dir='ltr'>fa-</span> 
     </span>
     <span class='ocr_line' id='line_1_32' title="bbox 396 1923 1768 1991; baseline -0.002 -14"><span class='ocrx_word' id='word_1_247' title='bbox 396 1931 539 1977; x_wconf 79' lang='lat' dir='ltr'>ciebat</span> <span class='ocrx_word' id='word_1_248' title='bbox 575 1925 982 1991; x_wconf 55' lang='lat' dir='ltr'>praevaricatorem,</span> <span class='ocrx_word' id='word_1_249' title='bbox 1030 1923 1132 1986; x_wconf 83' lang='lat' dir='ltr'>quia</span> <span class='ocrx_word' id='word_1_250' title='bbox 1178 1923 1373 1969; x_wconf 88' lang='lat' dir='ltr'>nondum</span> <span class='ocrx_word' id='word_1_251' title='bbox 1414 1943 1534 1971; x_wconf 88' lang='lat' dir='ltr'>mens</span> <span class='ocrx_word' id='word_1_252' title='bbox 1571 1927 1768 1974; x_wconf 88' lang='lat' dir='ltr'>convicta</span> 
     </span>
     <span class='ocr_line' id='line_1_33' title="bbox 395 1993 1766 2064; baseline -0.002 -18"><span class='ocrx_word' id='word_1_253' title='bbox 395 1999 622 2064; x_wconf 65' lang='lat' dir='ltr'>quaesierat</span> <span class='ocrx_word' id='word_1_254' title='bbox 644 1995 906 2041; x_wconf 83' lang='lat' dir='ltr'>Salvatorem</span> <span class='ocrx_word' id='word_1_255' title='bbox 936 2010 946 2037; x_wconf 74' lang='grc' dir='ltr'>ε</span> <span class='ocrx_word' id='word_1_256' title='bbox 975 2014 995 2033; x_wconf 87' lang='lat'>«</span> <span class='ocrx_word' id='word_1_257' title='bbox 1024 1993 1076 2037; x_wconf 89' lang='lat' dir='ltr'>ln</span> <span class='ocrx_word' id='word_1_258' title='bbox 1114 2010 1201 2056; x_wconf 87' lang='lat' dir='ltr'>quo</span> <span class='ocrx_word' id='word_1_259' title='bbox 1225 1994 1532 2041; x_wconf 82' lang='lat' dir='ltr'>infirmabatur</span> <span class='ocrx_word' id='word_1_260' title='bbox 1561 2013 1641 2060; x_wconf 86' lang='lat' dir='ltr'>per</span> <span class='ocrx_word' id='word_1_261' title='bbox 1667 2013 1766 2043; x_wconf 89' lang='lat' dir='ltr'>car-</span> 
     </span>
     <span class='ocr_line' id='line_1_34' title="bbox 397 2062 1765 2130; baseline 0 -17"><span class='ocrx_word' id='word_1_262' title='bbox 397 2094 416 2113; x_wconf 82' lang='lat'>»</span> <span class='ocrx_word' id='word_1_263' title='bbox 442 2086 540 2116; x_wconf 88' lang='lat' dir='ltr'>nem</span> <span class='ocrx_word' id='word_1_264' title='bbox 558 2105 568 2125; x_wconf 74' lang='lat'><strong><em>‚</em></strong></span> <span class='ocrx_word' id='word_1_265' title='bbox 594 2065 709 2112; x_wconf 83' lang='lat' dir='ltr'>misit</span> <span class='ocrx_word' id='word_1_266' title='bbox 737 2065 851 2109; x_wconf 89' lang='lat' dir='ltr'>Deus</span> <span class='ocrx_word' id='word_1_267' title='bbox 883 2062 1040 2108; x_wconf 88' lang='lat' dir='ltr'>Filium</span> <span class='ocrx_word' id='word_1_268' title='bbox 1063 2062 1108 2107; x_wconf 89' lang='lat' dir='ltr'>in</span> <span class='ocrx_word' id='word_1_269' title='bbox 1133 2062 1458 2109; x_wconf 85' lang='lat' dir='ltr'>similitudinem</span> <span class='ocrx_word' id='word_1_270' title='bbox 1482 2066 1622 2111; x_wconf 86' lang='lat' dir='ltr'>carnis</span> <span class='ocrx_word' id='word_1_271' title='bbox 1656 2083 1765 2130; x_wconf 89' lang='lat' dir='ltr'>pec-</span> 
     </span>
     <span class='ocr_line' id='line_1_35' title="bbox 396 2132 1762 2198; baseline 0.005 -21"><span class='ocrx_word' id='word_1_272' title='bbox 396 2164 415 2183; x_wconf 81' lang='lat'><em>„</em></span> <span class='ocrx_word' id='word_1_273' title='bbox 439 2140 551 2195; x_wconf 68' lang='lat' dir='ltr'>cati,</span> <span class='ocrx_word' id='word_1_274' title='bbox 585 2147 626 2183; x_wconf 85' lang='lat' dir='ltr'>et</span> <span class='ocrx_word' id='word_1_275' title='bbox 662 2135 716 2181; x_wconf 89' lang='lat' dir='ltr'>de</span> <span class='ocrx_word' id='word_1_276' title='bbox 748 2144 928 2198; x_wconf 81' lang='lat' dir='ltr'>peccato</span> <span class='ocrx_word' id='word_1_277' title='bbox 966 2132 1188 2178; x_wconf 81' lang='lat' dir='ltr'>damnavit</span> <span class='ocrx_word' id='word_1_278' title='bbox 1215 2144 1446 2195; x_wconf 87' lang='lat' dir='ltr'>peccatum</span> <span class='ocrx_word' id='word_1_279' title='bbox 1492 2135 1537 2180; x_wconf 91' lang='lat' dir='ltr'>in</span> <span class='ocrx_word' id='word_1_280' title='bbox 1567 2153 1708 2184; x_wconf 82' lang='lat' dir='ltr'>carne.</span> <span class='ocrx_word' id='word_1_281' title='bbox 1742 2159 1762 2180; x_wconf 72' lang='lat'>&gt;³</span> 
     </span>
     <span class='ocr_line' id='line_1_36' title="bbox 393 2203 1762 2270; baseline -0.002 -13"><span class='ocrx_word' id='word_1_282' title='bbox 393 2209 625 2269; x_wconf 83' lang='lat' dir='ltr'>Quomodo</span> <span class='ocrx_word' id='word_1_283' title='bbox 652 2223 751 2266; x_wconf 86' lang='lat' dir='ltr'>ergo</span> <span class='ocrx_word' id='word_1_284' title='bbox 782 2222 868 2250; x_wconf 89' lang='lat' dir='ltr'>non</span> <span class='ocrx_word' id='word_1_285' title='bbox 902 2203 1096 2249; x_wconf 84' lang='lat' dir='ltr'>habebat</span> <span class='ocrx_word' id='word_1_286' title='bbox 1132 2213 1361 2266; x_wconf 85' lang='lat' dir='ltr'>peccatum</span> <span class='ocrx_word' id='word_1_287' title='bbox 1380 2242 1390 2261; x_wconf 79' lang='lat'>‚</span> <span class='ocrx_word' id='word_1_288' title='bbox 1430 2206 1463 2250; x_wconf 87' lang='lat' dir='ltr'>si</span> <span class='ocrx_word' id='word_1_289' title='bbox 1495 2206 1549 2251; x_wconf 89' lang='lat' dir='ltr'>de</span> <span class='ocrx_word' id='word_1_290' title='bbox 1582 2218 1762 2270; x_wconf 86' lang='lat' dir='ltr'>peccato</span> 
     </span>
     <span class='ocr_line' id='line_1_37' title="bbox 391 2272 1761 2341; baseline -0.001 -15"><span class='ocrx_word' id='word_1_291' title='bbox 391 2279 613 2328; x_wconf 74' lang='lat' dir='ltr'>‹lanmavit</span> <span class='ocrx_word' id='word_1_292' title='bbox 650 2276 910 2341; x_wconf 71' lang='lat' dir='ltr'>peccatum?</span> <span class='ocrx_word' id='word_1_293' title='bbox 948 2273 1047 2318; x_wconf 83' lang='lat' dir='ltr'>Jam</span> <span class='ocrx_word' id='word_1_294' title='bbox 1085 2272 1320 2336; x_wconf 80' lang='lat' dir='ltr'>aliquando</span> <span class='ocrx_word' id='word_1_295' title='bbox 1344 2277 1615 2339; x_wconf 80' lang='lat' dir='ltr'>exposuimus</span> <span class='ocrx_word' id='word_1_296' title='bbox 1639 2278 1761 2324; x_wconf 86' lang='lat' dir='ltr'>vobis</span> 
     </span>
     <span class='ocr_line' id='line_1_38' title="bbox 393 2344 1760 2410; baseline 0.002 -18"><span class='ocrx_word' id='word_1_297' title='bbox 393 2354 475 2397; x_wconf 76' lang='lat' dir='ltr'>hoc</span> <span class='ocrx_word' id='word_1_298' title='bbox 493 2350 509 2379; x_wconf 66' lang='lat'>[¹</span> <span class='ocrx_word' id='word_1_299' title='bbox 535 2368 545 2394; x_wconf 80' lang='lat' dir='ltr'>t</span> <span class='ocrx_word' id='word_1_300' title='bbox 572 2347 644 2394; x_wconf 87' lang='lat' dir='ltr'>sed</span> <span class='ocrx_word' id='word_1_301' title='bbox 665 2346 740 2410; x_wconf 91' lang='lat' dir='ltr'>qui</span> <span class='ocrx_word' id='word_1_302' title='bbox 762 2344 1072 2399; x_wconf 77' lang='lat' dir='ltr'>meminerunt,</span> <span class='ocrx_word' id='word_1_303' title='bbox 1105 2355 1434 2403; x_wconf 82' lang='lat' dir='ltr'>recognoscant3</span> <span class='ocrx_word' id='word_1_304' title='bbox 1463 2346 1539 2408; x_wconf 87' lang='lat' dir='ltr'>qui</span> <span class='ocrx_word' id='word_1_305' title='bbox 1564 2364 1652 2392; x_wconf 87' lang='lat' dir='ltr'>non</span> <span class='ocrx_word' id='word_1_306' title='bbox 1677 2365 1760 2395; x_wconf 87' lang='lat' dir='ltr'>au-</span> 
     </span>
     <span class='ocr_line' id='line_1_39' title="bbox 390 2411 1757 2477; baseline -0.001 -10"><span class='ocrx_word' id='word_1_307' title='bbox 390 2422 584 2474; x_wconf 79' lang='lat' dir='ltr'>dierunt,</span> <span class='ocrx_word' id='word_1_308' title='bbox 623 2416 827 2468; x_wconf 78' lang='lat' dir='ltr'>audiant3</span> <span class='ocrx_word' id='word_1_309' title='bbox 865 2413 940 2477; x_wconf 89' lang='lat' dir='ltr'>qui</span> <span class='ocrx_word' id='word_1_310' title='bbox 971 2411 1095 2457; x_wconf 88' lang='lat' dir='ltr'>obliti</span> <span class='ocrx_word' id='word_1_311' title='bbox 1120 2423 1245 2470; x_wconf 77' lang='lat' dir='ltr'>sunt,</span> <span class='ocrx_word' id='word_1_312' title='bbox 1284 2413 1487 2462; x_wconf 86' lang='lat' dir='ltr'>recolant.</span> <span class='ocrx_word' id='word_1_313' title='bbox 1523 2416 1757 2465; x_wconf 88' lang='lat' dir='ltr'>Peccatum</span> 
     </span>
     <span class='ocr_line' id='line_1_40' title="bbox 386 2483 1756 2548; baseline -0.002 -10"><span class='ocrx_word' id='word_1_314' title='bbox 386 2491 624 2538; x_wconf 85' lang='lat' dir='ltr'>vocabatur</span> <span class='ocrx_word' id='word_1_315' title='bbox 643 2487 689 2532; x_wconf 90' lang='lat' dir='ltr'>in</span> <span class='ocrx_word' id='word_1_316' title='bbox 711 2487 821 2545; x_wconf 83' lang='lat' dir='ltr'>Lege</span> <span class='ocrx_word' id='word_1_317' title='bbox 841 2483 1102 2529; x_wconf 85' lang='lat' dir='ltr'>sacrificium</span> <span class='ocrx_word' id='word_1_318' title='bbox 1131 2500 1213 2547; x_wconf 83' lang='lat' dir='ltr'>pro</span> <span class='ocrx_word' id='word_1_319' title='bbox 1235 2495 1429 2548; x_wconf 77' lang='lat' dir='ltr'>peccam.</span> <span class='ocrx_word' id='word_1_320' title='bbox 1468 2486 1646 2533; x_wconf 89' lang='lat' dir='ltr'>Assidue</span> <span class='ocrx_word' id='word_1_321' title='bbox 1670 2489 1756 2536; x_wconf 87' lang='lat' dir='ltr'>Lex</span> 
     </span>
    </p>
   </div>
   <div class='ocr_carea' id='block_1_10' title="bbox 1840 1940 1856 1970">
    <p class='ocr_par' dir='ltr' id='par_1_11' title="bbox 1840 1940 1856 1970">
     <span class='ocr_line' id='line_1_41' title="bbox 1840 1940 1856 1970; baseline -0.063 0"><span class='ocrx_word' id='word_1_322' title='bbox 1840 1940 1856 1970; x_wconf 59' lang='lat' dir='ltr'>sl</span> 
     </span>
    </p>
   </div>
   <div class='ocr_carea' id='block_1_11' title="bbox 1857 1171 1866 2108">
    <p class='ocr_par' dir='ltr' id='par_1_12' title="bbox 1857 1171 1866 2108">
     <span class='ocr_line' id='line_1_42' title="bbox 1857 1171 1866 2108; baseline 0 0"><span class='ocrx_word' id='word_1_323' title='bbox 1857 1171 1866 2108; x_wconf 95' lang='lat' dir='ltr'> </span> 
     </span>
    </p>
   </div>
   <div class='ocr_carea' id='block_1_12' title="bbox 1854 1669 1866 2458">
    <p class='ocr_par' dir='ltr' id='par_1_13' title="bbox 1854 1669 1866 2458">
     <span class='ocr_line' id='line_1_43' title="bbox 1854 1669 1866 2458; baseline 0 0"><span class='ocrx_word' id='word_1_324' title='bbox 1854 1669 1866 2458; x_wconf 95' lang='lat' dir='ltr'> </span> 
     </span>
    </p>
   </div>
   <div class='ocr_carea' id='block_1_13' title="bbox 1843 2418 1866 2462">
    <p class='ocr_par' dir='ltr' id='par_1_14' title="bbox 1843 2418 1866 2462">
     <span class='ocr_line' id='line_1_44' title="bbox 1843 2418 1866 2462; baseline 0.087 -2"><span class='ocrx_word' id='word_1_325' title='bbox 1843 2418 1866 2462; x_wconf 72' lang='lat' dir='ltr'>:t</span> 
     </span>
    </p>
   </div>
   <div class='ocr_carea' id='block_1_14' title="bbox 1842 2499 1866 2533">
    <p class='ocr_par' dir='ltr' id='par_1_15' title="bbox 1842 2499 1866 2533">
     <span class='ocr_line' id='line_1_45' title="bbox 1842 2499 1866 2533; baseline 0.208 -5"><span class='ocrx_word' id='word_1_326' title='bbox 1842 2499 1866 2533; x_wconf 54' lang='lat' dir='ltr'>ziz</span> 
     </span>
    </p>
   </div>
   <div class='ocr_carea' id='block_1_15' title="bbox 434 2579 1754 2633">
    <p class='ocr_par' dir='ltr' id='par_1_16' title="bbox 434 2579 1754 2633">
     <span class='ocr_line' id='line_1_46' title="bbox 434 2579 1754 2633; baseline -0.004 -13"><span class='ocrx_word' id='word_1_327' title='bbox 434 2593 443 2614; x_wconf 85' lang='lat'>¹</span> <span class='ocrx_word' id='word_1_328' title='bbox 463 2593 554 2623; x_wconf 58' lang='lat' dir='ltr'>Joan.</span> <span class='ocrx_word' id='word_1_329' title='bbox 575 2598 643 2625; x_wconf 70' lang='lat' dir='ltr'>mv,</span> <span class='ocrx_word' id='word_1_330' title='bbox 662 2588 716 2617; x_wconf 83' lang='lat'>30.</span> <span class='ocrx_word' id='word_1_331' title='bbox 728 2600 775 2609; x_wconf 89' lang='lat'><em>-</em></span> <span class='ocrx_word' id='word_1_332' title='bbox 789 2583 805 2607; x_wconf 85' lang='lat'><em>2</em></span> <span class='ocrx_word' id='word_1_333' title='bbox 824 2584 904 2617; x_wconf 76' lang='lat' dir='ltr'>Psal.</span> <span class='ocrx_word' id='word_1_334' title='bbox 921 2593 1015 2624; x_wconf 67' lang='lat' dir='ltr'>mm,</span> <span class='ocrx_word' id='word_1_335' title='bbox 1034 2583 1066 2615; x_wconf 84' lang='grc'>5.</span> <span class='ocrx_word' id='word_1_336' title='bbox 1079 2597 1125 2607; x_wconf 89' lang='lat'>—-</span> <span class='ocrx_word' id='word_1_337' title='bbox 1142 2579 1156 2606; x_wconf 82' lang='lat'><strong>3</strong></span> <span class='ocrx_word' id='word_1_338' title='bbox 1172 2583 1290 2617; x_wconf 75' lang='lat' dir='ltr'>Manli.</span> <span class='ocrx_word' id='word_1_339' title='bbox 1306 2594 1391 2624; x_wconf 83' lang='lat' dir='ltr'>xvn,</span> <span class='ocrx_word' id='word_1_340' title='bbox 1413 2584 1533 2619; x_wconf 79' lang='lat'>23-26,</span> <span class='ocrx_word' id='word_1_341' title='bbox 1550 2600 1595 2609; x_wconf 91' lang='lat'><em>-</em></span> <span class='ocrx_word' id='word_1_342' title='bbox 1613 2582 1627 2610; x_wconf 78' lang='lat'><strong>⁴</strong></span> <span class='ocrx_word' id='word_1_343' title='bbox 1652 2586 1754 2633; x_wconf 73' lang='lat' dir='ltr'>Supra</span> 
     </span>
    </p>
   </div>
   <div class='ocr_carea' id='block_1_16' title="bbox 384 2595 1865 2679">
    <p class='ocr_par' dir='ltr' id='par_1_17' title="bbox 384 2595 1865 2679">
     <span class='ocr_line' id='line_1_47' title="bbox 1849 2595 1865 2618; baseline 0 0"><span class='ocrx_word' id='word_1_344' title='bbox 1849 2595 1865 2618; x_wconf 60' lang='grc' dir='ltr'>’Ἰ</span> 
     </span>
     <span class='ocr_line' id='line_1_48' title="bbox 384 2642 1863 2679; baseline -0.022 0"><span class='ocrx_word' id='word_1_345' title='bbox 384 2647 415 2679; x_wconf 87' lang='lat' dir='ltr'>in</span> <span class='ocrx_word' id='word_1_346' title='bbox 435 2647 500 2677; x_wconf 75' lang='lat' dir='ltr'>Ser.</span> <span class='ocrx_word' id='word_1_347' title='bbox 529 2642 605 2675; x_wconf 82' lang='lat'>152.</span> <span class='ocrx_word' id='word_1_348' title='bbox 629 2649 722 2673; x_wconf 87' lang='lat' dir='ltr'>n.10</span> <span class='ocrx_word' id='word_1_349' title='bbox 738 2643 770 2670; x_wconf 70' lang='lat' dir='ltr'>et</span> <span class='ocrx_word' id='word_1_350' title='bbox 786 2649 839 2672; x_wconf 81' lang='lat' dir='ltr'>n.</span> <span class='ocrx_word' id='word_1_351' title='bbox 1862 2650 1863 2653; x_wconf 14' lang='grc' dir='ltr'><strong>Ἰ</strong></span> 
     </span>
    </p>
   </div>
   <div class='ocr_carea' id='block_1_17' title="bbox 1785 2503 1792 2728">
    <p class='ocr_par' dir='ltr' id='par_1_18' title="bbox 1785 2503 1792 2728">
     <span class='ocr_line' id='line_1_49' title="bbox 1785 2503 1792 2728; baseline 0 513"><span class='ocrx_word' id='word_1_352' title='bbox 1785 2503 1792 2728; x_wconf 95' lang='lat' dir='ltr'> </span> 
     </span>
    </p>
   </div>
  </div>
 </body>
</html>
