1866 3241
153 350 295 383 'suano
334 352 450 393 ctu,
488 352 542 382 mi
580 352 737 382 venais
776 352 927 384 APOST.
969 354 1075 385 noxi.
1119 356 1216 387 vm.
1293 339 1386 403 339

8 417 117 468 simo
129 417 198 465 die
213 430 314 482 post
325 418 525 464 umbram
542 418 724 463 Paschae
740 417 960 481 quomodo
971 419 1136 464 venerit
1149 419 1187 475 4,
1204 430 1246 465 ct
1257 421 1390 480 igneis

8 488 166 549 linguis
200 506 331 553 super
366 506 722 552 unumquemque
751 505 897 534 corum
928 488 1144 536 insederit.
1177 490 1274 535 Janl
1295 508 1394 551 ergo

9 576 98 612 nou
119 559 165 605 in
198 559 377 615 timore,
407 560 479 605 sed
506 560 551 604 in
576 558 837 613 dilectione3
863 569 912 604 ut
939 575 1027 604 non
1053 559 1180 616 servi,
1212 560 1284 605 sed
1315 560 1396 607 filii

10 630 155 682 simus.
182 630 272 686 Qui
293 630 406 676 enim
431 630 578 676 adhuc
599 628 698 675 idco
721 629 833 674 bene
853 629 962 689 agit,
990 629 1092 694 quia
1118 646 1299 694 poenam
1330 630 1393 676 ti-

11 710 99 753 met
115 737 128 757 ‚
151 699 292 745 Deum
330 718 419 746 non
451 710 592 757 amat,
617 698 814 745 nondum
839 710 901 744 est
929 700 1042 745 inter
1061 699 1203 746 filios:
1226 700 1395 746 utinam

11 781 158 820 tamen
179 769 249 817 vel
272 787 454 834 poenam
484 771 649 817 timeat.
678 770 829 816 Timor
854 787 1000 816 servus
1017 781 1097 828 cst,
1123 770 1326 817 Charitas
1346 770 1398 817 li-

12 841 118 895 bera
130 851 218 895 est3
246 852 289 886 et
313 852 363 887 ut
387 842 447 888 sic
466 841 680 898 dicamus,
710 841 861 886 Timor
876 851 939 887 est
963 858 1109 888 servus
1131 841 1385 889 Charitatis.

14 912 79 962 Ne
97 911 314 976 possideat
330 912 533 958 diabolus
547 929 623 958 cor
636 923 781 969 tuum,
803 911 1027 975 praecedat
1037 929 1182 959 servus
1201 913 1246 958 in
1263 911 1394 959 corde

15 994 108 1041 tuo,
139 993 181 1029 et
205 994 343 1029 servet
366 983 556 1029 dominae
579 994 774 1031 venturae
796 983 958 1031 locum.
1000 985 1111 1041 Fac,
1147 984 1217 1031 fac
1237 984 1307 1031 Vel
1333 984 1395 1030 ti-

16 1071 135 1110 more
152 1071 317 1118 poenae,
337 1055 370 1100 si
397 1054 592 1100 nondum
615 1064 738 1118 potes
758 1071 902 1100 amore
920 1054 1119 1115 justitiae.
1150 1055 1302 1101 Veniet
1318 1055 1396 1101 do-

15 1125 134 1180 mina
151 1162 164 1182 ‚
195 1134 239 1171 et
267 1142 412 1171 servus
449 1124 654 1171 abscedet
681 1141 692 1170 :
718 1124 822 1188 quia
853 1135 1153 1172 consummata
1191 1125 1395 1172 Charitas

15 1196 128 1249 foras
162 1197 299 1243 mittit
330 1197 529 1242 timorem
549 1196 583 1244 2.
607 1214 628 1237 <t
653 1195 752 1241 Non
784 1196 899 1241 enim
937 1197 1162 1261 accepistis
1195 1197 1398 1261 spiritum

17 1288 39 1314 π.)
59 1267 275 1314 servitutis
290 1268 447 1314 iterum
466 1268 510 1313 in
525 1267 692 1314 timore.
720 1288 741 1308 »
765 1268 939 1313 Novum
957 1270 1284 1314 Testamentum
1309 1278 1393 1326 est,

19 1356 104 1385 non
124 1338 272 1386 Vetus.
299 1360 320 1381 «
344 1339 496 1385 Vetera
522 1338 786 1384 transierunt
802 1375 815 1395 ‚
842 1348 886 1384 et
903 1355 1002 1385 ecce
1029 1356 1143 1386 nova
1165 1339 1281 1386 facta
1300 1350 1402 1386 sunt

21 1431 43 1459 >³
67 1409 211 1456 omnia
233 1409 251 1438 2
275 1428 286 1455 z
312 1431 332 1452 n
357 1410 501 1455 omnia
526 1420 671 1455 autem
695 1426 744 1455 ex
761 1409 868 1457 Deo.

83 1479 177 1526 XV.
222 1480 418 1543 Denique
454 1479 562 1543 quid
590 1481 817 1543 sequitur?
843 1479 964 1536 Quid
991 1497 1091 1541 ergo
1124 1480 1395 1545 accepimus,

22 1550 144 1614 quasi
156 1549 318 1596 diceres
343 1568 356 1596 ε
383 1572 402 1591 «
419 1550 505 1596 Sed
529 1549 757 1613 accepistis
784 1549 1000 1614 Spiritum
1018 1551 1265 1615 adoptionis
1288 1551 1398 1598 filio-

23 1642 46 1672 ,»
66 1639 182 1677 rum,
201 1620 246 1667 in
275 1638 364 1685 quo
381 1621 638 1675 clamamus,
663 1620 812 1678 Abba,
840 1631 978 1685 pater.
1002 1622 1255 1669 »Dominus
1278 1624 1401 1670 time-

0 1733 2 1739 ,
23 1703 112 1751 tur,
136 1703 262 1757 pater
288 1703 458 1740 amatur
474 1730 486 1749 ,
509 1715 530 1734 α
551 1691 789 1756 Accepistis
818 1692 1032 1757 Spiritum
1061 1693 1306 1758 adoptionis
1340 1695 1399 1741 fi-

24 1784 47 1808 »
67 1763 242 1822 liorum,
268 1764 315 1810 in
333 1781 420 1829 quo
441 1763 695 1819 clamamus,
723 1763 853 1810 Abba
872 1802 884 1821 ,
919 1774 1058 1828 pater.
1084 1786 1105 1806 »
1126 1765 1304 1811 Clamor
1324 1766 1403 1812 iste

0 1834 165 1883 [cordis
204 1846 267 1882 est
285 1874 297 1893 ‚
325 1854 414 1882 non
447 1835 667 1891 faucium,
695 1851 785 1881 non
816 1834 1036 1881 labiorum
1060 1854 1071 1881 ς
1094 1835 1210 1882 intus
1248 1847 1399 1894 sonat,

52 1907 205 1954 nribus
225 1907 307 1953 Dei
342 1917 480 1954 sonat.
513 1906 672 1952 Clauso
692 1922 765 1952 ore
781 1943 793 1963 ,
818 1906 1035 1970 labiisque
1070 1906 1261 1955 immotis
1281 1947 1291 1965 ,
1320 1908 1408 1955 Su—

1 1998 17 2023 (
47 1995 159 2024 anna
183 1977 264 2023 ista
303 1993 409 2024 voce
449 1976 671 2023 clamabat
687 1975 722 2023 4.
756 1998 776 2018 c<
798 1976 884 2022 Sed
918 1977 1143 2041 accepistis
1189 1978 1405 2044 Spiritum

4 2072 19 2092 ι.
39 2069 50 2090 ›
77 2047 323 2110 adoptionis
345 2047 553 2103 filiorum,
578 2046 625 2092 in
647 2063 736 2110 quo
755 2046 1010 2101 clamamus,
1040 2048 1188 2105 Abba,
1213 2061 1351 2114 pater.
1384 2071 1407 2092 >›

3 2139 6 2163 ι
31 2117 118 2164 Gor
143 2117 334 2163 clamet:
361 2138 382 2158 (ι
408 2119 540 2163 Pater
572 2127 744 2173 noster,
787 2117 862 2180 qui
897 2134 940 2162 cs
963 2116 1010 2162 in
1048 2118 1171 2164 coelis
1187 2119 1220 2167 5.
1245 2142 1266 2162 ›>
1292 2121 1407 2181 Ergo

7 2208 10 2210 ·
91 2205 160 2235 are
179 2206 268 2235 non
285 2199 456 2234 tantum
473 2210 493 2230 «
511 2190 665 2252 pater?
689 2210 709 2229 n
732 2187 853 2244 Quid
872 2187 956 2234 sibi
975 2188 1087 2246 vult,
1112 2210 1132 2231 «
1152 2190 1300 2248 Abba,
1328 2208 1408 2256 pa-

37 2262 172 2306 niter?
202 2281 223 2300 υ
245 2259 292 2306 Si
313 2260 429 2305 enim
447 2276 616 2323 quaeras
636 2258 744 2323 quid
780 2259 834 2304 sit
856 2281 875 2299 «
897 2259 1026 2305 Abba
1045 2298 1056 2316 ,
1080 2282 1099 2302 υ
1123 2262 1410 2326 respondetur

12 2352 15 2355 ·
50 2330 128 2388 ibi,
149 2352 170 2372 «
186 2341 325 2396 pater,
350 2352 371 2373 ³>
388 2330 517 2377 Abba
537 2330 651 2375 enim
675 2330 889 2375 Hebraico
911 2341 1035 2394 pater
1058 2331 1233 2380 dicitur.
1260 2334 1406 2391 Quare

85 2401 167 2448 luit
199 2413 432 2465 utrumque
456 2401 686 2465 Apostolus
721 2404 915 2465 ponere?
943 2401 1059 2458 Quia
1080 2403 1260 2450 videbat
1285 2404 1405 2470 lapi-

60 2489 128 2518 om
147 2472 411 2533 angularem,
437 2489 567 2535 quem
581 2490 623 2516 re
626 2473 924 2535 probaverunt
941 2472 1224 2532 aeclifieantes‚
1254 2486 1297 2522 et
1312 2474 1403 2522 fac-

53 2560 101 2590 us
121 2555 183 2590 est
205 2544 251 2590 in
274 2554 407 2608 caput
425 2543 572 2604 anguli
589 2544 625 2600 6,
651 2560 740 2588 nou
761 2544 849 2588 sine
867 2561 995 2589 causa
1018 2544 1265 2604 angularem
1300 2546 1401 2593 dic-

82 2645 94 2668 ¹
112 2648 185 2682 Act.
209 2659 247 2679 11.
266 2663 313 2671 -—
339 2644 355 2668 ²
387 2657 399 2677 x
432 2649 592 2681 Joan.1V,
618 2646 671 2678 18.
702 2664 741 2669 —
770 2643 786 2667 3
807 2657 824 2676 2
856 2649 931 2678 Cor.
956 2657 989 2689 v,
1018 2644 1342 2686 17-—4Dan.x111.
1361 2668 1406 2677 -,

43 2693 186 2747 ἧΜεῑὼ.
201 2710 249 2740 vx,
269 2710 302 2741 9.
325 2718 363 2724 -
384 2696 399 2719 θ
416 2700 501 2730 Psal.
520 2709 623 2739 cxvn,
645 2709 697 2729 22.

48 2755 50 2770 l

48 2771 51 2804 2
1223 2765 1299 2796 22.
