1866 3241
445 320 541 377 514
868 329 903 364 S.
945 333 1030 364 Ano
1042 329 1189 364 usrim
1225 332 1425 365 Emscom

440 398 607 461 judicio
628 415 705 445 suo
732 398 912 457 sederit,
942 409 984 444 et
1007 398 1111 444 alios
1134 396 1188 443 ad
1207 397 1422 445 dexteram
1451 410 1494 445 et
1520 399 1575 446 ad
1599 399 1813 448 sinistram

442 469 546 517 alios
569 469 828 535 separaverit
843 507 854 525 ,
880 470 990 515 bene
1026 467 1309 531 operantibus
1326 506 1336 525 ‚
1373 489 1394 511 «
1417 469 1567 516 Venite
1593 471 1814 518 benedicti

440 563 462 583 ))
481 540 621 586 Patris
644 540 752 597 mei,
777 539 989 604 percipite
1009 553 1205 597 regnum.
1233 558 1253 579 »
1285 537 1512 586 Sterilibus
1541 551 1683 588 autem
1698 579 1710 599 ‚
1736 542 1814 606 qui

440 611 554 659 nihil
579 611 686 658 boni
706 612 752 657 in
768 625 980 675 pauperes
1004 608 1171 673 operati
1188 619 1310 666 sunt,
1339 628 1360 651 «
1379 611 1443 656 'lte
1460 611 1506 656 in
1527 611 1670 672 ignem
1691 623 1812 659 aeter-

442 705 463 725 ))
479 698 599 730 num.
626 705 645 725 »
683 682 739 728 Et
762 697 861 745 quae
897 679 1092 726 dicturus
1131 689 1194 724 est
1232 679 1386 726 bonis?
1423 701 1443 722 «
1464 681 1635 729 Esurivi
1667 683 1781 730 enim
1796 722 1808 742 ‚

440 764 521 799 »et
540 751 716 799 dedistis
742 751 854 797 mihi
884 750 1148 797 manducare
1164 786 1175 805 ,
1212 760 1257 794 ec
1279 760 1463 798 caetera.
1495 755 1550 798 Et
1572 754 1811 817 responde—

439 847 459 867 »
479 825 593 870 bunt
614 822 675 869 illi
691 861 701 879 ‚
728 821 936 879 Domine,
962 820 1139 885 quando
1160 829 1202 865 te
1223 820 1411 867 vidimus
1436 823 1721 870 esurientem?
1755 824 1812 870 Et

439 894 547 940 »ille
581 893 633 940 ad
658 910 761 939 eos:
797 896 912 938 Cum
944 892 1021 937 uni
1050 907 1098 936 ex
1127 891 1318 936 minimis
1354 892 1458 937 meis
1485 892 1664 950 fecistiS‚
1700 894 1809 940 mihi
1862 919 1866 958 .'

437 987 458 1006 »
474 963 674 1010 fecistis1.
698 986 718 1006 »
744 962 940 1022 Intellige
955 979 1073 1021 ergo,
1095 958 1240 1018 stulte,
1252 963 1328 1024 qui
1348 962 1409 1009 vis
1424 961 1735 1026 eleemosynam
1751 964 1812 1010 fa·

436 1051 530 1080 cere
553 1031 607 1080 de
635 1033 811 1098 rapina,
834 1033 1040 1097 quoniam
1058 1032 1090 1078 si
1114 1031 1291 1095 quando
1313 1032 1455 1096 pascis
1485 1033 1806 1092 Christianum,

435 1105 577 1169 pascis
613 1104 861 1158 Christum3
897 1103 1074 1167 quando
1104 1101 1262 1166 spolias
1289 1102 1613 1161 Christianum,
1653 1104 1810 1168 spolias

438 1174 679 1222 Christum.
712 1173 935 1221 Attendite
970 1173 1078 1236 quid
1109 1173 1289 1219 sinistris
1312 1172 1509 1220 dicturus
1537 1184 1600 1220 est
1627 1193 1638 1220 ε
1669 1176 1733 1221 lte
1763 1175 1809 1221 in

434 1245 577 1306 ignem
596 1254 819 1292 aeternum.
848 1245 1021 1301 Quare?
1046 1263 1066 1285 «
1089 1243 1259 1289 Esurivi
1287 1244 1426 1301 enim,
1454 1255 1497 1290 et
1522 1259 1610 1291 non
1633 1244 1809 1292 dedistis

437 1314 588 1361 »mihi
606 1314 898 1368 manducare3
921 1313 1064 1359 nudus
1086 1312 1175 1369 fui,
1198 1323 1240 1358 et
1263 1329 1352 1359 non
1377 1315 1561 1361 vestistis
1579 1331 1661 1364 me.
1685 1317 1763 1364 lte.
1787 1339 1807 1360 ›>

436 1385 568 1443 Quo?
595 1407 615 1428 c<
637 1386 690 1431 ln
712 1385 855 1446 ignem
874 1394 1099 1430 aeternum.
1126 1404 1146 1424 »
1170 1384 1352 1429 Prorsus
1373 1384 1444 1433 ite.
1477 1386 1650 1443 Quare?
1669 1408 1690 1429 α
1709 1387 1807 1433 Nu-

435 1478 457 1499 »
474 1456 556 1502 dus
570 1455 657 1513 fui,
678 1466 720 1501 et
735 1472 822 1502 non
841 1454 1024 1502 vestistis
1040 1471 1123 1500 me.
1150 1475 1172 1495 »
1189 1454 1235 1499 Si
1254 1470 1354 1514 ergo
1374 1455 1421 1501 in
1435 1456 1578 1517 ignem
1597 1467 1807 1504 aeternum

433 1524 517 1571 ibit
538 1525 609 1572 cui
633 1525 830 1571 dicturus
853 1533 915 1570 est
945 1523 1165 1580 Christus„
1191 1544 1213 1566 «
1234 1525 1390 1570 Nudus
1414 1525 1502 1583 fui,
1533 1536 1576 1573 et
1597 1544 1686 1573 non
1708 1545 1806 1575 ves-

433 1617 454 1638 »
472 1596 559 1641 tisti
583 1613 650 1641 me
674 1613 685 1640 ε
707 1617 728 1637 »
747 1613 876 1659 quem
893 1594 1039 1640 locum
1056 1595 1102 1639 in
1120 1595 1217 1654 igne
1236 1605 1396 1641 aeterno
1414 1597 1599 1643 habebit
1619 1599 1690 1644 cui
1707 1599 1806 1645 dic-

432 1677 556 1712 turus
574 1676 636 1711 est
663 1683 674 1710 :
697 1665 885 1711 Vestitus
906 1663 970 1710 fui
986 1700 997 1719 ,
1024 1673 1065 1708 et
1081 1663 1274 1726 spoliasti
1299 1668 1400 1711 me?

498 1735 549 1783 V.
591 1734 676 1780 Hic
698 1734 875 1781 fortasse
898 1743 948 1778 ut
970 1732 1126 1779 evadas
1145 1733 1261 1778 hanc
1282 1750 1434 1780 vocem
1450 1772 1461 1792 ‚
1491 1753 1544 1782 ne
1575 1737 1693 1784 dicat
1724 1739 1807 1786 tibi

437 1805 637 1851 Christus
661 1823 671 1851 :
693 1804 882 1850 Vestitus
898 1803 984 1858 fui,
1010 1813 1052 1847 et
1070 1802 1263 1866 spoliasti
1278 1820 1346 1849 me
1360 1842 1371 1861 ,
1395 1816 1561 1852 mutata
1579 1821 1806 1856 consuetu-

433 1875 557 1932 dine,
578 1874 740 1935 cogitas
756 1873 942 1938 spoliare
957 1872 1202 1931 Paganum‚
1224 1883 1266 1918 et
1284 1875 1436 1920 vestire
1459 1876 1798 1928 Christianum2.

442 1945 522 1992 Et3
550 1945 625 1991 hic
653 1943 935 2009 respondebit
962 1942 1045 1988 tibi
1065 1942 1290 1999 Christus,
1313 1944 1401 1989 imo
1430 1962 1547 1992 nunc
1576 1951 1805 2013 responde-

432 2016 502 2062 bit
534 2014 616 2061 tibi
648 2031 727 2079 per
759 2031 929 2060 servum
965 2012 1326 2076 qualemcumque
1356 2015 1599 2063 ministrum
1634 2034 1759 2066 suum
1789 2040 1800 2067 ε

432 2084 716 2150 respondebit
752 2084 836 2130 tibi
871 2082 1097 2138 Christus,
1136 2092 1179 2127 et
1209 2083 1323 2129 dicet
1354 2101 1365 2129 :
1402 2086 1545 2133 Etiam
1578 2088 1652 2134 hic
1674 2107 1805 2154 parce

434 2157 603 2204 damnis
634 2155 753 2202 meis.
785 2155 898 2199 Cum
921 2154 1035 2199 enim
1068 2153 1342 2200 Christianus
1369 2156 1527 2220 spolias
1554 2159 1799 2220 Paganum,

433 2226 619 2292 impedis
639 2225 730 2272 fieri
751 2224 1064 2270 Christianum.
1095 2224 1238 2268 Etiam
1261 2234 1303 2270 et
1324 2225 1400 2271 hic
1419 2226 1595 2275 fortasse
1621 2246 1804 2294 respon-

436 2297 560 2344 debis
581 2295 729 2343 adhuc
751 2312 761 2339 :
787 2297 879 2355 Ego
901 2310 991 2340 non
1012 2293 1112 2340 odio
1134 2309 1313 2356 poenam
1346 2295 1516 2357 ingero,
1557 2299 1631 2346 sed
1664 2301 1803 2349 dilec—

434 2369 550 2415 tione
574 2367 720 2432 potius
754 2365 998 2429 disciplinae
1028 2382 1039 2409 t
1077 2363 1175 2409 ideo
1205 2365 1345 2428 spolio
1371 2367 1618 2428 Paganum‚
1656 2382 1704 2417 ut
1726 2391 1804 2437 per

435 2439 551 2485 hanc
580 2454 774 2502 asperam
798 2446 840 2482 et
861 2435 1078 2482 salubrem
1100 2434 1377 2499 disciplinam
1403 2436 1559 2484 faciam
1585 2439 1802 2490 Christia-

484 2565 493 2586 ¹
516 2562 632 2595 Manli.
648 2573 723 2605 xxv,
746 2565 859 2600 34·4o.
873 2580 918 2585 -
937 2560 952 2582 2
971 2561 1049 2592 Cod.
1067 2563 1149 2593 (lass.
1168 2573 1203 2599 11,
1229 2561 1283 2593 fol.
1301 2573 1337 2592 11.
1365 2563 1494 2604 Cogitas
1518 2567 1656 2606 spoliare
1672 2568 1801 2604 lace-reei-

435 2628 506 2650 cum
520 2616 580 2648 vel
591 2616 741 2646 Judaeum
758 2623 790 2646 et
806 2626 871 2646 non
888 2613 1008 2645 vestire
1027 2612 1256 2648 Christianum.
1275 2618 1322 2637 -'—
1338 2610 1352 2638 3
1369 2616 1463 2648 Forte
1479 2624 1565 2650 lunc.
