1866 3241
392 288 452 336 30
810 296 843 334 s.
888 304 1128 337 Ancus‘rrm
1165 304 1365 335 eviscovi

391 368 469 414 bas
490 367 633 431 primo
660 367 900 414 titubanter
935 380 1064 433 atque
1091 369 1365 422 haesitantem
1393 365 1592 425 intelligis
1615 374 1763 427 postea

395 438 551 485 certius
584 448 626 484 ct
657 438 826 486 clarius.
862 441 958 486 Non
984 439 1054 485 ille
1096 440 1275 495 crescit,
1311 438 1383 484 sed
1415 448 1459 483 tu
1497 437 1695 501 proficis,
1722 444 1764 480 et

391 509 512 572 quasi
532 519 672 555 tecum
691 509 863 556 videtur
880 528 1063 571 surgere.
1085 510 1156 556 Sic
1171 520 1250 565 cst,
1275 509 1439 555 fratres.
1468 507 1639 553 Credite
1653 526 1763 571 prae-

388 579 526 643 ceptis
550 579 648 635 Dei,
677 590 718 625 et
739 579 866 626 facite
891 577 982 637 illa,
1008 591 1049 626 et
1074 579 1259 626 donabit
1286 579 1410 624 vobis
1442 578 1577 623 robur
1603 578 1765 625 intelli-

391 649 559 709 gentiae.
596 650 693 695 Non
716 651 1004 714 praesumatis,
1031 661 1072 695 et
1099 650 1221 713 quasi
1249 649 1520 711 anteponatis
1545 649 1766 694 scientiam

392 730 614 784 praecepto
649 720 750 773 θεὶς
777 738 829 766 ne
856 719 1075 766 inferiores
1091 758 1101 776 ,
1138 737 1226 765 non
1257 717 1476 764 solidiores
1495 719 1759 766 remaneatis.

398 789 604 835 Arborem
624 789 830 835 attendite
853 809 864 835 ι
889 791 975 835 ima
994 789 1105 854 petit
1122 790 1259 853 prius,
1277 798 1325 834 ut
1343 804 1511 853 sursum
1529 798 1765 842 excrescat3

395 861 490 920 figit
517 860 706 906 radicem
736 860 781 905 in
811 860 993 918 humili,
1022 871 1069 906 ut
1092 859 1295 906 verticem
1317 858 1466 904 tendat
1498 858 1553 904 ad
1584 858 1761 906 coelum.

399 929 622 994 Numquid
643 930 798 976 nititur
814 930 896 976 nisi
916 931 973 976 ab
997 929 1268 976 humilitate?
1294 929 1362 974 Tu
1380 939 1522 995 autem
1547 929 1636 973 sine
1653 927 1765 973 cha-

393 1001 518 1046 ritate
535 1001 600 1046 vis
617 1000 776 1046 excelsa
800 1000 1191 1065 comprehendere,
1216 999 1304 1044 sine
1327 998 1472 1044 radice
1490 1015 1615 1044 auras
1631 998 1767 1062 petis?
1828 991 1830 1044 f

396 1071 544 1117 Ruina
569 1081 632 1116 est
654 1071 752 1123 ista,
779 1089 863 1117 non
890 1072 1218 1117 incrementum.
1242 1069 1478 1114 Habitante
1502 1068 1677 1114 Christo
1696 1085 1773 1132 per

394 1140 528 1186 fidem
554 1141 600 1187 in
628 1141 836 1188 cordibus
866 1141 1032 1197 vestris,
1062 1141 1107 1186 in
1129 1140 1342 1187 charitate
1367 1139 1621 1185 radicamini
1645 1148 1773 1200 atque
1828 1168 1831 1180 ,

394 1210 659 1269 fundamini,
677 1222 726 1258 ut
740 1211 1011 1275 impleamini
1024 1213 1069 1257 in
1086 1227 1256 1256 omnem
1271 1209 1588 1273 plenitudinem
1609 1208 1703 1255 Dei.

397 1405 456 1416 ις,
482 1412 486 1415 ⁴
498 1404 579 1416 obst
591 1400 1247 1414 msssszsnsmmmszsmzswi-sstv
1270 1400 1446 1411 mmmmm·
1458 1399 1753 1410 ===vsss=====.==

848 1522 1052 1567 SERMO
1090 1521 1275 1566 cxviii
1297 1520 1330 1568 1.

407 1664 472 1710 De
505 1660 665 1709 eisdem
694 1657 837 1705 verbis
863 1657 1086 1718 Evangelii
1118 1658 1243 1704 Joan.
1275 1674 1303 1704 1.
1338 1663 1394 1704 ln
1417 1664 1654 1723 principio
1680 1674 1782 1707 erat
1828 1671 1830 1728 ξ

920 1728 1124 1774 Verbum
1145 1765 1156 1785 ,
1184 1740 1265 1773 ecc.

470 1889 506 1933 1.
549 1887 711 1930 Omns
728 1881 805 1946 qui
817 1881 955 1926 multa
967 1879 1100 1927 verba
1120 1881 1315 1943 quaeritis
1331 1881 1537 1937 hominiS,
1559 1882 1781 1944 intelligite
1828 1871 1830 1878 Ι

412 1972 547 2002 unum
564 1953 758 2000 Verbum
789 1951 867 1997 Dei
893 1968 904 1996 ε
935 1971 955 1991 α
987 1953 1037 1996 ln
1073 1951 1291 2014 principio
1328 1961 1418 1996 erat
1449 1952 1641 1999 Verbum
1663 1954 1695 2002 ²,
1733 1956 1783 2001 ln
1828 1983 1831 2022 3

411 2049 431 2069 >³
453 2024 673 2091 principio
692 2032 836 2068 autem
849 2021 952 2066 fecit
965 2023 1082 2066 Deus
1101 2019 1264 2067 coelum
1284 2031 1326 2066 et
1340 2031 1496 2067 terram
1509 2022 1541 2069 3.
1562 2046 1581 2064 »
1598 2024 1679 2069 Sed
1692 2038 1783 2072 orat
1828 2023 1832 2051 t

407 2097 620 2151 Verbum,
637 2090 814 2157 quando
831 2089 1078 2137 audivimus
1102 2109 1112 2136 ε
1141 2113 1161 2132 α
1187 2094 1233 2136 ln
1247 2092 1466 2155 principio
1490 2092 1591 2138 fecit,
1609 2095 1737 2143 Deus.
1763 2120 1783 2138 η
1828 2097 1830 2127 ἓ

413 2170 705 2227 Agnoscamus
749 2162 997 2207 Creatorem
1029 2178 1039 2205 ε
1076 2162 1255 2206 Creator
1295 2171 1356 2205 est
1397 2163 1510 2207 enim
1549 2164 1621 2226 qui
1656 2164 1780 2220 fos-iu

410 2248 605 2283 creatura
629 2243 771 2280 autem
795 2230 914 2295 quod
942 2230 1058 2277 fecit.
1095 2232 1191 2276 Non
1220 2242 1311 2276 crat
1332 2233 1445 2277 cnim
1471 2245 1664 2280 creatura
1686 2253 1785 2300 quae

410 2308 524 2354 facta
559 2317 643 2362 est,
671 2305 783 2351 sicut
822 2319 991 2366 semper
1020 2313 1110 2348 erat
1145 2303 1338 2349 Verbum
1368 2305 1502 2360 Deus,
1540 2323 1617 2369 per
1656 2324 1785 2370 quem

414 2379 528 2425 lacta
556 2387 631 2423 est.
665 2372 856 2432 Quando
885 2383 1027 2418 autem
1049 2372 1291 2420 audivimus
1314 2391 1325 2419 t
1351 2395 1371 2415 «
1397 2376 1500 2420 Erat
1523 2375 1738 2433 Verbum,
1765 2401 1785 2420 »
1828 2378 1829 2382 ’

416 2446 533 2512 apud
552 2461 682 2510 quem
701 2446 818 2489 erat?
851 2442 1136 2504 Intelligimus
1161 2449 1328 2490 Patrem
1342 2482 1352 2500 ,
1375 2445 1449 2508 qui
1474 2463 1561 2491 non
1584 2445 1686 2493 fecit
1708 2465 1786 2493 nee

414 2517 574 2564 creavit
594 2514 709 2561 idem
726 2513 919 2559 Verbum
934 2550 946 2569 ‚
973 2513 1045 2560 sed
1060 2514 1220 2573 genuit.
1245 2518 1296 2560 In
1315 2515 1534 2580 principio
1551 2518 1665 2563 enim
1683 2517 1788 2564 fecit
1828 2523 1829 2531 ¹

468 2620 478 2640 ¹
501 2618 586 2649 Alias
601 2624 662 2646 xm
679 2623 718 2645 ex
738 2612 980 2645 sirmondianis.
998 2611 1068 2637 -2
1081 2615 1176 2645 Joan.
1191 2625 1216 2653 x,
1241 2625 1270 2646 ι.
1284 2630 1329 2638 --
1341 2611 1358 2636 ³
1377 2616 1460 2647 Gen.
1479 2626 1504 2654 r,
1519 2627 1544 2650 ι,
