1866 3241
18 0 21 104 l

17 114 20 239 l

191 260 334 293 sunno
371 259 487 303 crvl,
527 259 584 291 nn
618 257 775 291 vmzms
811 256 963 290 Arosr.
1004 259 1112 293 noir.
1154 263 1254 296 v111.
1329 247 1423 298 335

44 325 198 375 militia
219 336 379 373 nostra.
404 326 458 371 In
480 324 568 371 hoc
582 341 717 385 agone
736 340 837 371 cum
854 323 1146 384 confligimus,
1168 330 1312 376 Deum
1334 330 1421 377 ha..

41 397 194 444 bemus
212 406 498 460 spectatorem
520 413 531 441 :
550 395 597 441 in
615 395 702 441 hoc
721 412 855 456 agone
872 411 974 440 cum
990 394 1259 456 laboramus,
1277 401 1419 447 Deum

40 467 257 532 poscimus
282 465 538 527 adjutorem.
577 465 624 512 Si
646 468 761 512 enim
784 482 861 511 nos
886 464 977 527 ipsc
1001 482 1090 512 non
1111 467 1307 528 adjuvat,
1330 487 1418 517 non

41 537 138 584 dico
160 537 358 594 vincere,
389 535 463 582 sed
483 553 563 582 nec
585 553 780 600 pugnare
799 534 1051 598 poterimus,

99 607 155 653 X.
194 607 308 652 Cum
335 623 434 666 ergo
459 606 632 652 dixisset
663 605 897 669 Apostolus
925 623 935 650 ε
964 605 1053 651 «Si
1085 618 1228 654 autem
1261 610 1418 673 spiritu

41 676 268 723 »actiones
292 677 434 724 carnis
466 677 853 733 mortificaveritis,
880 676 1033 723 vivetis
1056 694 1067 722 ε
1093 698 1114 720 ›>
1139 678 1185 724 id
1204 690 1268 725 est
1283 718 1295 737 ,
1323 681 1420 728 illas

37 747 412 810 concupiscentias
447 747 615 803 carnis,
661 747 823 810 quibus
856 763 945 791 nou
992 748 1230 794 consentire
1262 767 1420 810 magna

36 815 126 862 laus
152 827 231 874 est,
253 834 361 880 quas
389 835 477 863 non
496 818 659 863 habere
671 816 881 881 perfectio
901 826 963 862 est
981 815 999 845 1
1029 835 1039 862 ε
1067 817 1101 863 si
1129 818 1210 864 has
1227 821 1418 867 actiones

38 886 176 932 carnis
194 886 434 943 morbidas,
458 898 500 932 et
517 886 570 932 de
585 897 722 933 morte
743 887 956 932 habentes
974 888 1313 947 contentionem,
1332 892 1419 955 spi-

37 955 120 1001 ritu
141 956 521 1013 mortificaveritis,
543 957 709 1003 vivetis,
738 956 823 1001 Hic
842 958 936 1015 jam
960 956 1242 1004 metuendum
1261 970 1340 1017 est,
1364 978 1419 1006 ne

37 1025 268 1089 quisquam
289 1042 436 1072 rursus
457 1026 512 1071 ad
529 1025 855 1072 mortificandas
873 1026 1062 1071 actiones
1084 1029 1224 1074 carnis
1247 1029 1300 1074 de
1323 1031 1418 1093 spi-

35 1095 121 1141 ritu
145 1113 221 1142 suo
249 1107 501 1160 praesumat.
539 1098 640 1143 Non
672 1095 811 1142 solum
835 1096 951 1142 enim
975 1097 1090 1142 Deus
1107 1099 1286 1161 spiritus
1311 1111 1374 1146 est
1401 1120 1413 1147 ε

34 1166 106 1212 sed
123 1177 166 1212 et
183 1167 326 1213 anima
350 1178 424 1214 tua
449 1167 628 1231 spiritus
646 1177 726 1224 est,
751 1178 794 1212 et
809 1184 929 1212 mens
950 1178 1027 1213 tua
1056 1169 1232 1231 spiritus
1253 1182 1328 1219 est.
1360 1173 1418 1218 Et

34 1251 133 1281 cum
150 1235 258 1282 dicis
279 1254 289 1281 z
316 1257 338 1279 c<
358 1238 502 1283 Mente
523 1237 661 1283 servio
677 1236 762 1297 legi
776 1237 873 1294 Dei,
900 1254 1028 1282 carne
1045 1249 1190 1284 autem
1213 1239 1298 1301 legi
1316 1259 1419 1305 pec-

35 1326 56 1347 »
76 1306 196 1351 cati2
225 1324 236 1351 ε
263 1307 367 1370 quia
395 1308 574 1371 spiritus
598 1307 874 1370 concupiscit
904 1307 1109 1355 adversus
1145 1326 1344 1369 carnem,
1375 1324 1419 1359 et

33 1397 54 1418 »
73 1393 173 1422 caro
197 1377 399 1424 adversus
425 1378 630 1442 spiritum
655 1377 688 1425 3.
711 1399 732 1420 >2
763 1379 876 1437 Ergo
900 1395 955 1424 ne
981 1379 1037 1425 ad
1064 1381 1206 1426 carnis
1228 1383 1418 1430 actiones

32 1446 356 1497 mortificandas
381 1446 434 1492 de
463 1447 621 1510 spiritu
649 1456 726 1492 tuo
744 1463 984 1510 praesumas
1003 1484 1015 1505 ,
1042 1459 1085 1493 et
1103 1451 1307 1513 superbia
1330 1470 1414 1516 pe-

32 1532 138 1572 reas,
161 1526 203 1562 et
225 1517 309 1563 tibi
331 1517 522 1581 superbo
540 1517 779 1574 resistatur,
805 1534 894 1562 non
918 1517 1078 1563 humili
1101 1521 1238 1579 gratia
1261 1538 1415 1569 conce-

33 1585 192 1632 datur:
220 1608 241 1628 «
261 1587 378 1633 Deus
399 1587 517 1633 enim
544 1586 744 1650 superbis
781 1586 940 1632 resistit
957 1624 969 1643 ‚
998 1587 1244 1637 humilibus
1272 1604 1417 1640 autem

32 1654 139 1700 »dat
154 1655 365 1716 gratiam!⁸
383 1674 395 1702 :
413 1678 434 1700 ))
447 1673 501 1703 ne
518 1655 628 1702 forte
649 1673 749 1716 ergo
769 1656 1039 1717 suboriretur
1052 1657 1135 1703 tibi
1153 1659 1236 1705 ista
1258 1677 1415 1726 super-

0 1701 5 1776 l
31 1725 121 1782 bia,
147 1725 248 1772 vide
276 1726 385 1789 quid
414 1737 634 1790 sequatur.
671 1728 786 1772 Cum
816 1726 932 1772 enim
971 1726 1143 1773 dixisset
1165 1746 1176 1775 ε
1201 1750 1222 1772 «
1248 1731 1294 1776 Si
1321 1732 1416 1795 spi·

31 1817 51 1837 »
69 1795 155 1841 ritu
185 1796 374 1843 actiones
404 1797 545 1844 carnis
567 1796 955 1854 mortificaveritis,
994 1797 1173 1855 vivetis,
1202 1821 1223 1842 »
1257 1818 1311 1847 ne
1338 1802 1414 1849 hic

30 1882 71 1910 se
88 1865 306 1911 extolleret
328 1867 548 1913 humanus
571 1867 750 1930 spiritus
772 1903 783 1923 ‚
813 1877 855 1911 et
887 1866 944 1912 ad
979 1866 1067 1913 hoc
1101 1885 1212 1932 opus
1234 1888 1277 1917 se
1311 1872 1414 1918 ido-

30 1951 159 1981 neum
192 1936 455 2000 firmumque
481 1940 694 1997 jactaret,
717 1936 931 1995 subjecit,
954 1947 997 1982 et
1023 1937 1083 1982 ait
1104 1956 1115 1983 ε
1142 1960 1163 1981 «
1184 1940 1414 2005 Quotquot

29 2024 50 2046 »
68 2005 183 2050 enim
202 2005 370 2068 Spiritu
388 2007 468 2051 Dei
494 2017 700 2065 aguntur,
730 2006 779 2051 hi
798 2006 875 2050 filii
898 2017 998 2052 sunt
1027 2008 1107 2054 Dei
1124 2009 1156 2057 5.
1186 2032 1207 2053 >2
1231 2012 1352 2068 Quid
1372 2025 1414 2059 te

0 2121 1 2141 ἢ
30 2090 126 2134 ergo
138 2078 232 2134 jam
253 2075 431 2121 volebas
458 2075 656 2121 extollere
671 2113 682 2131 ,
706 2074 785 2120 ubi
815 2075 972 2120 audisti
995 2094 1005 2120 :
1031 2098 1052 2118 «
1074 2078 1121 2123 Si
1152 2081 1311 2143 spiritu
1331 2101 1410 2129 ac·-

0 2146 1 2173 ἒ
30 2164 52 2186 »
72 2144 207 2190 tiones
236 2145 379 2191 carnis
402 2144 764 2191 mortificaveritis
780 2181 792 2200 ,
814 2144 1000 2190 vivetis?
1020 2166 1041 2188 »
1069 2147 1278 2196 Dicturus
1294 2153 1411 2199 enim

31 2231 120 2261 eras
141 2232 152 2260 :
182 2215 278 2261 Hoc
312 2225 455 2279 potest
489 2214 690 2261 voluntas
712 2231 824 2271 mea,
848 2214 936 2261 hoc
960 2227 1101 2278 potest
1118 2217 1307 2268 liberum
1334 2241 1408 2269 ar—

29 2283 212 2330 bitrium
238 2301 399 2332 meum.
429 2285 543 2342 Quae
558 2284 790 2331 voluntas?
808 2284 927 2347 quod
940 2284 1128 2333 liberum
1150 2290 1411 2340 arbitrium?

30 2355 120 2402 Nisi
153 2355 225 2401 ille
258 2366 404 2416 regat,
436 2355 583 2402 cadis:
606 2356 689 2402 nisi
717 2355 787 2401 ille
822 2356 978 2416 erigat,
1001 2361 1133 2416 jaces,
1178 2361 1410 2418 Quomodo

29 2440 126 2486 ergo
139 2426 297 2490 spiritu
308 2437 403 2483 tuo,
417 2444 519 2472 cum
529 2426 678 2472 audias
686 2425 944 2489 Apostolum
963 2426 1179 2476 dicentem
1198 2448 1209 2477 ε
1229 2453 1250 2474 α
1271 2434 1412 2491 Quot-

76 2526 88 2549 ²
112 2527 195 2560 Vide
213 2528 270 2561 lib.
295 2528 335 2560 de
353 2528 452 2571 gratia
477 2533 508 2560 et
527 2527 632 2561 libero
657 2527 793 2560 arbitrio
824 2539 893 2571 cap.
916 2540 972 2560 11.
989 2545 1030 2550 —
1048 2528 1064 2552 2
1078 2533 1173 2569 Rom,
1197 2545 1262 2572 vn,
1292 2539 1349 2572 25·
1365 2557 1411 2570 „-

28 2575 45 2608 3
60 2579 165 2613 Galat.
179 2592 214 2626 v,
236 2593 290 2623 ¹7·
311 2597 357 2606 —
374 2578 390 2605 ⁴
406 2581 521 2616 Jacob.
541 2591 588 2624 xv,
604 2582 636 2613 6.
649 2597 695 2605 —
711 2578 724 2604 ⁵
738 2583 835 2616 Rom.
852 2591 924 2621 vm,
942 2587 994 2620 14.
