1866 3241
367 222 459 268 360
768 237 802 268 s,
844 236 1084 270 Aueusrnvi
1118 239 1319 271 muscom

366 299 661 363 temporalem.
687 301 839 348 Nonne
855 302 1052 349 videmus
1073 304 1231 349 multos
1249 304 1475 351 servientes
1492 321 1580 350 non
1602 321 1732 365 egen-

367 380 447 425 teS‚
473 379 515 415 et
531 369 688 417 liberos
710 372 1030 418 mendicantes?
1056 374 1112 418 Et
1133 374 1327 433 exigebas
1348 374 1405 419 ab
1422 391 1471 420 eo
1488 374 1637 430 fidem,
1663 375 1736 421 cui

366 439 651 502 promittebas
673 440 916 487 libertatem
934 458 1041 487 :nec
1054 443 1092 488 ei
1108 460 1247 489 servas
1264 443 1412 501 fidem,
1440 445 1516 507 qui
1537 444 1619 490 tibi
1635 461 1735 508 pro-

364 507 499 554 mittit
526 509 835 557 aeternitatem?

429 578 505 625 VI.
547 580 747 639 Longum
769 592 846 638 est,
872 599 951 646 per
978 584 1167 644 singulos
1191 583 1383 646 corporis
1413 600 1556 629 sensus
1582 600 1737 631 excur-

365 665 457 695 rere
472 666 483 693 :
498 648 570 694 sed
597 650 715 712 quod
738 650 791 696 de
817 652 954 698 oculis
975 654 1080 711 dixi,
1110 654 1197 699 hoc
1220 652 1274 699 de
1297 654 1462 699 caeteris
1489 653 1735 713 intelligite;

365 729 408 765 et
430 720 673 782 praeponite
702 719 976 768 delectationi
1005 724 1168 780 carnis,
1204 722 1533 769 delectationem
1562 723 1731 770 mentis.
1766 740 1770 743 ¹

367 788 554 834 Carnem
592 789 756 852 quippe
788 802 974 838 vestram
1012 793 1228 839 delectant
1261 792 1427 838 illicitae
1462 792 1734 857 voluptates:

365 869 744 905 mentemvestram
753 859 935 907 delectet
944 863 1171 910 invisibilis
1178 901 1189 920 ‚
1202 862 1390 926 pulchra
1397 899 1408 919 ,
1420 873 1537 908 casta
1542 899 1554 919 ,
1571 872 1717 908 sancta
1724 899 1736 919 ,

366 945 543 984 canora,
571 928 712 974 dulcis
730 931 919 989 justitia,
944 942 994 978 ut
1016 950 1104 978 non
1128 933 1186 979 ad
1210 950 1304 978 eam
1331 933 1480 978 timore
1503 931 1732 992 cogamini.

369 997 544 1064 Sirenim
566 998 622 1043 ad
643 1015 736 1044 eam
763 1000 914 1047 timore
938 1002 1159 1062 cogimini,
1180 1003 1376 1049 nondum
1395 1002 1594 1049 delectat.
1625 1003 1739 1047 Pec-

365 1084 464 1113 care
490 1085 578 1113 non
604 1067 750 1125 debeS‚
782 1088 870 1117 non
895 1072 1047 1119 timore
1075 1090 1241 1137 poenae,
1273 1073 1347 1118 sed
1372 1089 1515 1118 amore
1544 1072 1738 1132 justitiae.

370 1138 487 1183 Hinc
509 1138 741 1201 Apostolus
757 1140 866 1187 dicit
887 1160 897 1187 ε
917 1164 938 1185 c<
957 1144 1211 1189 Humanum
1235 1143 1334 1189 dico
1354 1153 1535 1206 propter
1558 1141 1742 1187 infirmi-

368 1228 391 1250 »
409 1218 541 1254 tatem
570 1210 710 1254 carnis
745 1222 911 1259 vestrae.
952 1213 1077 1259 Sicut
1105 1215 1221 1259 enim
1255 1213 1509 1259 exhibuistis
1543 1211 1742 1257 membra

369 1298 391 1320 »
409 1288 549 1325 vestra
567 1278 722 1324 servire
740 1279 1033 1328 immunditiae
1055 1293 1097 1328 et
1115 1282 1336 1346 iniquitati
1359 1281 1414 1327 ad
1435 1281 1708 1344 iniquitatem
1726 1300 1739 1335 ;

369 1368 390 1390 »
409 1348 470 1394 sic
486 1364 605 1393 nunc
618 1348 817 1395 exhibete
833 1352 1029 1398 membra
1044 1363 1183 1399 vestra
1198 1352 1353 1398 servire
1364 1351 1546 1411 J‘ustitiae
1561 1350 1607 1395 in
1621 1366 1742 1395 sanc-

370 1418 740 1465 »tificatione1n1.
776 1440 796 1461 ³>
824 1421 945 1477 Quid
973 1421 1087 1468 dixi?
1111 1444 1131 1464 «
1157 1422 1410 1467 Humanum
1443 1419 1542 1465 dico
1560 1437 1570 1464 :
1588 1419 1742 1482 »quod

368 1488 545 1553 potestis
560 1499 750 1552 portare,
768 1489 882 1538 dico.
908 1492 1096 1547 Quando
1118 1490 1371 1537 exhibuistis
1389 1489 1585 1535 membra
1603 1499 1744 1535 vestra

367 1559 589 1622 iniquitati
616 1558 671 1604 ad
693 1559 857 1618 flagitia
887 1562 1177 1624 perpetranda
1194 1599 1204 1617 ‚
1236 1561 1389 1606 timore
1419 1558 1600 1604 adducti
1625 1559 1739 1615 estis,

369 1646 425 1674 an
444 1628 726 1673 delectatione
747 1628 946 1675 invitati?
966 1630 1087 1687 Quid
1105 1631 1277 1676 dicitis?
1302 1628 1577 1692 Respondete
1595 1628 1740 1684 nobis,

370 1697 473 1761 quia
495 1707 538 1742 et
561 1697 637 1760 qui
657 1697 767 1742 bene
790 1698 951 1754 vivitis,
978 1699 1088 1744 male
1112 1698 1348 1762 aliquando
1372 1698 1546 1743 fortasse
1563 1696 1737 1743 vixistis.

372 1766 561 1824 Quando
595 1766 868 1829 peccabatis,
907 1768 1240 1813 delectabamini
1272 1768 1318 1813 in
1344 1766 1534 1830 peccatis
1563 1765 1742 1819 vestris;

369 1837 500 1883 timor
516 1852 592 1883 Vos
610 1836 857 1882 adducebat
875 1838 929 1883 ad
946 1838 1239 1901 peccandum,
1264 1855 1319 1883 an
1338 1837 1523 1883 suavitas
1538 1835 1743 1898 peccati?

369 1906 723 1970 Respondebitis,
752 1908 951 1954 suavitas.
983 1907 1051 1953 Ad
1075 1918 1308 1971 peccatum
1335 1907 1522 1953 suavitas
1546 1905 1742 1960 adducit,

371 1987 414 2022 et
444 1975 498 2022 ad
524 1975 735 2035 justitiam
766 1976 896 2021 timor
926 1976 1160 2039 impingit?
1196 1976 1385 2021 Probate
1415 1990 1509 2029 VOS,
1546 1974 1746 2037 inspicite

371 2062 461 2093 vos.
501 2044 645 2090 Tollat
670 2061 825 2090 aurum
849 2046 925 2108 qui
950 2045 1168 2090 minatur:
1186 2045 1356 2091 suavior
1378 2055 1440 2089 est
1457 2043 1646 2103 justitia,
1671 2043 1745 2089 111-

373 2115 512 2161 cidior
535 2125 598 2160 est
613 2114 796 2174 justitia.
823 2116 922 2160 Non
941 2115 1013 2160 det
1034 2131 1186 2160 aurum
1205 2115 1281 2177 qui
1300 2114 1517 2177 promittit
1537 2131 1548 2158 :
1565 2130 1746 2176 praepo-

375 2185 519 2231 nenda
543 2195 606 2230 est
628 2202 733 2230 auro
751 2185 936 2244 justitia,
965 2184 1218 2230 delectando
1241 2183 1535 2248 praeponenda
1559 2194 1637 2238 cst,
1662 2183 1746 2228 ful-

373 2255 540 2315 gentior
556 2265 635 2311 est,
655 2254 843 2300 lucidior
859 2265 936 2310 est,
961 2255 1132 2301 suavior
1147 2265 1226 2310 est,
1244 2254 1414 2299 dulcior
1429 2263 1504 2299 est.
1530 2252 1555 2296 J
1560 2269 1629 2297 am
1646 2268 1745 2312 ergo

376 2325 411 2370 si
430 2325 526 2387 quis
549 2342 590 2370 se
611 2324 788 2388 probat,
816 2334 858 2369 et
885 2324 930 2370 in
957 2324 1043 2369 hoc
1066 2324 1297 2370 certamine
1319 2322 1554 2386 superavit,
1581 2320 1747 2367 audivit

373 2394 632 2458 Apostolum
655 2394 871 2440 dicentem
892 2412 902 2438 :
926 2414 948 2436 «
966 2394 1222 2440 Humanum
1242 2393 1340 2439 dico
1363 2401 1547 2456 propter
1564 2390 1745 2448 infirmi-⁴

422 2508 434 2535 ¹
452 2512 548 2544 Rom.
563 2519 612 2554 vx,
638 2520 691 2553 19,
706 2513 737 2542 et
755 2509 866 2544 Florus
885 2507 1017 2543 ibidem.
