1866 3241
384 274 446 321 86
805 292 841 323 s.
885 290 1126 324 AUGUSTINI
1160 294 1361 324 Emscom

383 355 529 418 ipsum
556 355 674 419 quod
699 366 761 402 est
788 356 937 403 videre
955 358 1110 413 Verbi,
1132 358 1219 405 hoc
1238 376 1322 404 esse
1348 359 1541 405 Verbum
1563 376 1574 404 ε
1599 369 1642 404 et
1668 358 1754 411 cito

385 425 494 471 forte
509 425 717 487 intelliges
729 465 740 484 ,
762 428 866 491 quia
882 428 993 473 illud
1011 429 1129 491 quod
1146 429 1312 475 dictum
1330 442 1392 476 est
1414 448 1424 476 z
1452 452 1473 471 α
1498 431 1598 475 Non
1613 440 1754 494 potest

385 516 408 538 »
434 496 566 543 Filius
591 516 615 544 a
632 516 673 544 se
694 498 834 545 facere
859 499 1125 563 quidquam,
1151 501 1233 546 nisi
1256 501 1376 564 quod
1391 501 1553 548 yiderit
1579 502 1753 553 Patrem

386 587 407 609 >³
429 567 655 614 facientem
672 607 682 626 ‚
705 590 725 611 »
750 569 833 615 tale
860 581 943 626 est,
971 587 1021 616 ac
1051 570 1086 616 si
1115 570 1273 617 diceret
1298 589 1308 616 ε
1343 573 1441 617 Non
1464 582 1570 618 esset
1590 571 1723 618 Filius
1738 608 1749 627 ‚

385 637 466 682 nisi
490 638 543 684 de
568 639 696 685 Patre
730 650 988 687 nasceretur.
1021 640 1243 698 Sufficiat,
1273 640 1451 698 fratres,
1478 641 1581 688 novi
1614 640 1661 686 id
1685 658 1753 686 mc

385 706 534 753 dixisse
546 746 557 765 ,
585 709 702 772 quod
725 710 960 770 cogitatum
980 710 1089 757 forte
1103 712 1321 775 aperiatur
1339 711 1485 758 multis
1497 749 1509 769 ‚
1529 728 1645 774 saepe
1660 726 1753 757 ver-

385 777 453 822 bis
472 777 639 824 dictum
667 779 775 825 forte
798 780 1068 828 obscuretur.

385 971 1570 987 mmssmumwuumummmwmwwmmmu
1572 971 1758 984 mmmmmm

829 1121 1032 1170 SERMO
1057 1120 1266 1169 CXXVII
1278 1120 1312 1168 1.

385 1269 451 1312 De
470 1267 611 1314 verbis
629 1267 852 1329 Evangelii
871 1268 997 1316 Joan.
1027 1286 1071 1316 v.
1102 1272 1281 1326 Amen,
1303 1276 1458 1316 Amen
1479 1270 1583 1315 dico
1608 1269 1756 1324 vohis,

450 1342 568 1400 qaia
589 1343 751 1384 veniet
770 1340 906 1396 hom,
925 1351 972 1384 ec
995 1357 1121 1386 nunc
1144 1352 1227 1396 est,
1258 1341 1453 1403 quando
1474 1345 1650 1385 mortui
1670 1356 1758 1384 aa·

451 1407 585 1452 client
596 1425 763 1453 vocem
778 1414 822 1454 F
819 1409 890 1453 ilic·
904 1414 937 1454 J
935 1414 1014 1464 )ez'‚
1035 1421 1084 1467 et
1096 1415 1182 1473 qui
1200 1412 1456 1467 audierint,
1469 1412 1641 1467 vivent,
1659 1421 1759 1464 etc„

451 1494 618 1522 necnon
642 1476 696 1522 de
717 1478 859 1524 verbis
886 1477 1108 1542 Apostoli,
1154 1496 1184 1525 1.
1224 1483 1326 1526 Cor.
1361 1496 1402 1526 2.
1431 1480 1578 1539 Quod
1597 1479 1759 1525 oculus

454 1565 550 1592 non
571 1549 708 1605 vidit,
736 1559 820 1594 etc.

452 1720 487 1766 I.
531 1718 639 1763 SPEs
663 1727 808 1771 nostra
823 1755 835 1774 ‚
863 1717 1013 1763 fratres
1029 1755 1040 1774 ,
1067 1736 1154 1764 non
1178 1718 1232 1764 de
1255 1718 1338 1764 isto
1371 1729 1566 1782 tempore
1581 1756 1592 1775 ‚
1623 1735 1762 1781 neque
1828 1722 1837 1774 ,ἶ

389 1790 442 1836 de
458 1790 545 1835 hoc
567 1788 732 1834 mundo
751 1798 839 1844 est,
863 1805 1002 1852 neque
1026 1788 1071 1834 in
1088 1806 1137 1836 ea
1158 1789 1362 1834 felicitate
1385 1806 1471 1852 qua
1492 1799 1764 1834 excaecantur

390 1859 587 1905 homines
610 1858 685 1921 qui
705 1857 1021 1905 obliviscuntur
1039 1859 1194 1905 Deum.
1226 1859 1322 1904 Hoc
1353 1876 1474 1904 nosse
1498 1858 1700 1922 primitus
1722 1869 1764 1904 et
1832 1867 1834 1921 j

390 1930 627 1975 christiano
647 1928 776 1975 corde
810 1939 953 1974 tenere
973 1929 1180 1975 debemus
1194 1967 1205 1985 ,
1223 1946 1311 1975 non
1337 1929 1392 1975 ad
1413 1928 1636 1993 praesentis
1658 1938 1763 1973 tem-

391 1999 508 2063 poris
527 1999 644 2043 bona
659 2015 737 2043 nos
753 1997 888 2043 factos
908 2016 992 2044 esse
1009 1998 1305 2052 Christian053
1336 1998 1409 2044 sed
1427 1997 1481 2044 ad
1497 1998 1639 2043 nescio
1658 1997 1764 2060 quid
1824 2003 1832 2057 J.

391 2069 534 2125 ahud,
562 2067 680 2131 quod
713 2069 829 2113 Deus
857 2073 950 2128 jam
972 2070 1214 2133 promittit,
1240 2080 1281 2115 et
1304 2069 1437 2115 homo
1468 2068 1663 2114 nondum
1686 2085 1764 2113 ca-

388 2140 468 2203 pit.
498 2139 562 2183 De
585 2138 671 2183 hoc
690 2138 805 2183 enim
830 2139 949 2185 bono
974 2139 1143 2185 dictum
1164 2140 1274 2191 est-⁶2,
1301 2160 1321 2179 «
1342 2137 1476 2193 Quod
1500 2137 1652 2182 oculus
1676 2154 1764 2182 non

390 2231 410 2251 »
433 2209 569 2265 vidit,
592 2225 673 2254 nec
702 2208 815 2253 auris
846 2209 1011 2254 audivit
1026 2246 1036 2263 ‚
1063 2225 1142 2254 nec
1163 2209 1208 2253 in
1233 2225 1309 2254 cor
1327 2207 1520 2252 hominis
1543 2207 1736 2252 ascendit
1750 2244 1761 2262 ,

391 2301 411 2320 »
435 2294 535 2342 quae
552 2278 819 2341 praeparavit
839 2278 955 2322 Deus
970 2278 1249 2337 diligentibus
1274 2277 1359 2323 se3.
1389 2299 1409 2317 »
1432 2278 1544 2336 Ergo
1562 2277 1662 2339 quia
1677 2276 1764 2321 hoc
1820 2275 1823 2297 ²

385 2349 552 2393 bonum
574 2359 664 2394 tam
687 2365 919 2408 magnum,
962 2359 1049 2394 tam
1079 2348 1344 2412 praeclarum
1359 2385 1370 2400 ,
1402 2358 1493 2392 tam
1517 2346 1760 2400 ineffabile,

390 2435 477 2462 non
491 2417 656 2463 invenit
669 2417 890 2463 hominem
906 2428 1223 2482 praeceptorem
1238 2455 1249 2474 ‚
1269 2417 1408 2463 tenuit
1423 2417 1565 2462 Deum
1582 2416 1763 2480 promis-

386 2505 536 2534 sorem.
567 2489 603 2533 N
610 2505 695 2534 unc
718 2489 833 2535 enim
854 2488 974 2553 quod
1002 2489 1041 2535 ei
1062 2490 1324 2553 promissum
1352 2499 1436 2545 est,
1463 2487 1598 2533 homo
1619 2503 1763 2534 caecus

433 2587 444 2609 ¹
462 2585 550 2619 Alias
569 2597 643 2619 nxiv
658 2587 698 2619 de
712 2587 818 2620 verbis
834 2587 975 2621 Domini.
988 2604 1033 2612 —-
1044 2586 1060 2611 2
1079 2589 1190 2621 Florus
1207 2588 1247 2621 ad
1267 2599 1282 2619 ι
1301 2588 1376 2620 Cor.
1389 2597 1425 2621 11.
1441 2602 1488 2610 --
1509 2582 1524 2607 3
1546 2597 1559 2616 1
1576 2586 1657 2618 Cor.
1676 2596 1712 2624 11,
1728 2596 1759 2627 9.
1814 2611 1821 2626 „
